@article{rossi:hal-01301625,
  TITLE = {{Maximizing the robustness for simple assembly lines with fixed cycle time and limited number of workstations}},
  AUTHOR = {Rossi, Andr{\'e} and Gurevsky, Evgeny and Batta{\"i}a, Olga and Dolgui, Alexandre},
  URL = {https://hal.archives-ouvertes.fr/hal-01301625},
  JOURNAL = {{Discrete Applied Mathematics}},
  HAL_LOCAL_REFERENCE = {SLP\_HCERES2020},
  PUBLISHER = {{Elsevier}},
  VOLUME = {208},
  PAGES = {123-136},
  YEAR = {2016},
  DOI = {10.1016/j.dam.2016.03.005},
  HAL_ID = {hal-01301625},
  HAL_VERSION = {v1},
}

@inproceedings{gurevsky:hal-01341259,
  TITLE = {{Combinatorial problems of risk management for routing and network design}},
  AUTHOR = {Gurevsky, Evgeny and Kovalev, Sergey and Kovalyov, Mikhail Y.},
  URL = {https://hal.archives-ouvertes.fr/hal-01341259},
  BOOKTITLE = {{28th European Conference on Operational Research  (EURO 2016)}},
  ADDRESS = {Pozna{\'n}, Poland},
  HAL_LOCAL_REFERENCE = {SLP\_HCERES2020},
  YEAR = {2016},
  MONTH = Jul,
  HAL_ID = {hal-01341259},
  HAL_VERSION = {v1},
}

@inproceedings{gurevsky:hal-01262639,
  TITLE = {{Polynomially solvable knapsack type problems with box constraints on combinatorial structures}},
  AUTHOR = {Gurevsky, Evgeny and Kovalev, Sergey and Kovalyov, Mikhail Y.},
  URL = {https://hal.archives-ouvertes.fr/hal-01262639},
  BOOKTITLE = {{28th Conference of the European Chapter on Combinatorial Optimization (ECCO XXVIII -- 2015)}},
  ADDRESS = {Catania, Italy},
  HAL_LOCAL_REFERENCE = {SLP\_HCERES2020},
  YEAR = {2015},
  MONTH = May,
  HAL_ID = {hal-01262639},
  HAL_VERSION = {v1},
}

@inproceedings{gurevsky:hal-01272518,
  TITLE = {{Combinatorial optimization problems with risk functions, budget type constraints and controllable data}},
  AUTHOR = {Gurevsky, Evgeny and Kovalev, Sergey and Kovalyov, Mikhail Y.},
  URL = {https://hal.archives-ouvertes.fr/hal-01272518},
  BOOKTITLE = {{17th Congress of the French Society of Operations Research and Decision Aid (ROADEF 2016)}},
  ADDRESS = {Compi{\`e}gne, France},
  HAL_LOCAL_REFERENCE = {SLP\_HCERES2020},
  YEAR = {2016},
  MONTH = Feb,
  HAL_ID = {hal-01272518},
  HAL_VERSION = {v1},
}