@article{battaia:hal-01435089,
  TITLE = {{Integrated process planning and system configuration for mixed-model machining on rotary transfer machine}},
  AUTHOR = {Batta{\"i}a, Olga and Dolgui, Alexandre and Guschinsky, Nikolai},
  URL = {https://hal.archives-ouvertes.fr/hal-01435089},
  JOURNAL = {{International Journal of Computer Integrated Manufacturing}},
  HAL_LOCAL_REFERENCE = {ACL+},
  PUBLISHER = {{Taylor \& Francis}},
  VOLUME = {30},
  NUMBER = {9},
  PAGES = {910--925},
  YEAR = {2017},
  DOI = {10.1080/0951192X.2016.1247989},
  KEYWORDS = {industrial case study ; combinatorial optimisation ; line design and balancing ; production system design ; machine engineering ; combinatorial design ; product variety ; rotary machine ; integrated process planning and system configuration},
  PDF = {https://hal.archives-ouvertes.fr/hal-01435089/file/Rev_OB_AD_IJCIM%20Web.pdf},
  HAL_ID = {hal-01435089},
  HAL_VERSION = {v1},
}

@unpublished{prot:hal-01445300,
  TITLE = {{How the structure of precedence constraints may change the complexity class of scheduling problems}},
  AUTHOR = {Prot, D and Bellenguez-Morineau, Odile},
  URL = {https://hal.archives-ouvertes.fr/hal-01445300},
  NOTE = {working paper or preprint},
  YEAR = {2017},
  MONTH = Jan,
  PDF = {https://hal.archives-ouvertes.fr/hal-01445300/file/article.pdf},
  HAL_ID = {hal-01445300},
  HAL_VERSION = {v1},
}

@article{eskandarpour:hal-02407741,
  TITLE = {{Multi-Directional Local Search for Sustainable Supply Chain Network Design}},
  AUTHOR = {Eskandarpour, Majid and Dejax, Pierre and P{\'e}ton, Olivier},
  URL = {https://hal.archives-ouvertes.fr/hal-02407741},
  JOURNAL = {{International Journal of Production Research (IJPR)}},
  YEAR = {2019},
  MONTH = Oct,
  PDF = {https://hal.archives-ouvertes.fr/hal-02407741/file/MDLS%20LNS.pdf},
  HAL_ID = {hal-02407741},
  HAL_VERSION = {v1},
}

@unpublished{wang:hal-01800804,
  TITLE = {{Complexity of parallel scheduling unit-time jobs with in-tree precedence constraints while minimizing the mean flow time}},
  AUTHOR = {wang, tiayu and Bellenguez-Morineau, Odile},
  URL = {https://hal.archives-ouvertes.fr/hal-01800804},
  NOTE = {working paper or preprint},
  YEAR = {2018},
  MONTH = May,
  KEYWORDS = {parallel scheduling $\times$ in-tree $\times$ precedence ; constraints $\times$ complexity theory ; Acknowledgments},
  PDF = {https://hal.archives-ouvertes.fr/hal-01800804/file/Manuscript.pdf},
  HAL_ID = {hal-01800804},
  HAL_VERSION = {v1},
}

@inproceedings{gayraud:hal-01700063,
  TITLE = {{A memetic algorithm for the Multi-Level Lot Sizing Problem }},
  AUTHOR = {Gayraud, Fabrice and Lemoine, David and Kusumawati, Arvita},
  URL = {https://hal.archives-ouvertes.fr/hal-01700063},
  BOOKTITLE = {{APIEMS, 18th Asia Pacific Industrial Engineering and Management System Conference}},
  ADDRESS = {Yogyakarta, Indonesia},
  YEAR = {2017},
  MONTH = Dec,
  HAL_ID = {hal-01700063},
  HAL_VERSION = {v1},
}

@article{alhasan:hal-01875359,
  TITLE = {{Surgical case scheduling with sterilising activity constraints}},
  AUTHOR = {Al Hasan, Hasan and Gueret, Christelle and Lemoine, David and Rivreau, David},
  URL = {https://hal.archives-ouvertes.fr/hal-01875359},
  JOURNAL = {{International Journal of Production Research}},
  HAL_LOCAL_REFERENCE = {ACL+},
  PUBLISHER = {{Taylor \& Francis}},
  PAGES = {1 - 19},
  YEAR = {2018},
  MONTH = Sep,
  DOI = {10.1080/00207543.2018.1521015},
  HAL_ID = {hal-01875359},
  HAL_VERSION = {v1},
}

@article{cerqueus:hal-01158355,
  TITLE = {{Surrogate upper bound sets for bi-objective bi-dimensional binary knapsack problems}},
  AUTHOR = {Cerqueus, Audrey and Przybylski, Anthony and Gandibleux, Xavier},
  URL = {https://hal.archives-ouvertes.fr/hal-01158355},
  JOURNAL = {{European Journal of Operational Research}},
  HAL_LOCAL_REFERENCE = {SLP\_HCERES2020},
  PUBLISHER = {{Elsevier}},
  VOLUME = {244},
  NUMBER = {2},
  PAGES = {417-433},
  YEAR = {2015},
  MONTH = Jul,
  DOI = {10.1016/j.ejor.2015.01.035},
  KEYWORDS = {Bound sets ; Surrogate relaxation ; Bi-dimensional binary knapsack problem ; Multiple objective programming ; Combinatorial optimization},
  HAL_ID = {hal-01158355},
  HAL_VERSION = {v1},
}



@article{battaia:hal-01977559,
  TITLE = {{Design for manufacturing and assembly/disassembly: joint design of products and production systems}},
  AUTHOR = {Batta{\"i}a, Olga and Dolgui, Alexandre and Heragu, Sunderesh S.  and Meerkov, Semyon and Tiwari, Manoj Kumar},
  URL = {https://hal.archives-ouvertes.fr/hal-01977559},
  JOURNAL = {{International Journal of Production Research}},
  PUBLISHER = {{Taylor \& Francis}},
  VOLUME = {56},
  NUMBER = {24},
  PAGES = {7181-7189},
  YEAR = {2018},
  MONTH = Dec,
  DOI = {10.1080/00207543.2018.1549795},
  PDF = {https://hal.archives-ouvertes.fr/hal-01977559/file/EDITORIAL%20IJPR_Special_Issue%20DFM_%20Manuscript%20Web.pdf},
  HAL_ID = {hal-01977559},
  HAL_VERSION = {v1},
}

@inproceedings{schepler:hal-01518356,
  TITLE = {{A branch-and-price algorithm for robust bin packing with variable size items}},
  AUTHOR = {Schepler, Xavier and Rossi, Andr{\'e} and Gurevsky, Evgeny and Dolgui, Alexandre},
  URL = {https://hal.archives-ouvertes.fr/hal-01518356},
  BOOKTITLE = {{Joint EURO/ORSC/ECCO Conference 2017 on Combinatorial Optimization (ECCO XXX -- 2017)}},
  ADDRESS = {Koper, Slovenia},
  YEAR = {2017},
  MONTH = May,
  HAL_ID = {hal-01518356},
  HAL_VERSION = {v1},
}

@article{ivanov:hal-02062526,
  TITLE = {{The impact of digital technology and Industry 4.0 on the ripple effect and supply chain risk analytics}},
  AUTHOR = {Ivanov, Dmitry and Dolgui, Alexandre and Sokolov, Boris},
  URL = {https://hal.archives-ouvertes.fr/hal-02062526},
  JOURNAL = {{International Journal of Production Research}},
  PUBLISHER = {{Taylor \& Francis}},
  VOLUME = {57},
  NUMBER = {3},
  PAGES = {829-846},
  YEAR = {2019},
  MONTH = Mar,
  DOI = {10.1080/00207543.2018.1488086},
  KEYWORDS = {Supply Chain Engineering ; Additive Manufacturing ; Sup- ply Chain Design ; Industry 40 ; Ripple Effect ; Big Data Analytics ; Supply Chain Risk Management ; Supply Chain Dynamics ; Blockchain ; Supply Chain Resilience},
  HAL_ID = {hal-02062526},
  HAL_VERSION = {v1},
}

@article{ivanov:hal-01961206,
  TITLE = {{A survey on control theory applications to operational systems, supply chain management, and Industry 4.0}},
  AUTHOR = {Ivanov, Dmitry and Sethi, Suresh and Dolgui, Alexandre and Sokolov, Boris},
  URL = {https://hal.archives-ouvertes.fr/hal-01961206},
  JOURNAL = {{Annual Reviews in Control}},
  HAL_LOCAL_REFERENCE = {ACL+},
  PUBLISHER = {{Elsevier}},
  VOLUME = {46},
  PAGES = {134-147},
  YEAR = {2018},
  HAL_ID = {hal-01961206},
  HAL_VERSION = {v1},
}

@article{tao:hal-01961218,
  TITLE = {{Optimal due date quoting for a risk-averse decision-maker under CVaR}},
  AUTHOR = {Tao, Liangyan and Wu, Desheng Dash and Liu, Sifeng and Dolgui, Alexandre},
  URL = {https://hal.archives-ouvertes.fr/hal-01961218},
  JOURNAL = {{International Journal of Production Research}},
  HAL_LOCAL_REFERENCE = {ACL+},
  PUBLISHER = {{Taylor \& Francis}},
  VOLUME = {56},
  NUMBER = {5},
  PAGES = {1934-1959},
  YEAR = {2018},
  MONTH = Feb,
  HAL_ID = {hal-01961218},
  HAL_VERSION = {v1},
}

@inproceedings{dumez:hal-02285324,
  TITLE = {{Large Neighborhood Search with set partitioning and dynamic programming for the VRP with Delivery Options}},
  AUTHOR = {Dumez, Dorian and Stefan, Irnich and Lehu{\'e}d{\'e}, Fabien and Olkis, Katharina and P{\'e}ton, Olivier and Tilk, Christian},
  URL = {https://hal.archives-ouvertes.fr/hal-02285324},
  BOOKTITLE = {{SynchroTrans 2019}},
  ADDRESS = {Nantes, France},
  YEAR = {2019},
  MONTH = Sep,
  HAL_ID = {hal-02285324},
  HAL_VERSION = {v1},
}

@inproceedings{dumez:hal-02285392,
  TITLE = {{A Large Neighborhood Search approach to integrate delivery options in last mile delivery}},
  AUTHOR = {Dumez, Dorian and Lehu{\'e}d{\'e}, Fabien and P{\'e}ton, Olivier},
  URL = {https://hal.archives-ouvertes.fr/hal-02285392},
  BOOKTITLE = {{Workshop of the EURO Working Group on Vehicle Routing and Logistics optimization (VeRoLog)}},
  ADDRESS = {Sevilla, Spain},
  YEAR = {2019},
  MONTH = Jun,
  HAL_ID = {hal-02285392},
  HAL_VERSION = {v1},
}

@inproceedings{he:hal-02285402,
  TITLE = {{A Continuous-time Service Network Design and Routing Problem}},
  AUTHOR = {He, Yun and P{\'e}ton, Olivier and Lehu{\'e}d{\'e}, Fabien and Hewitt, Mike and Medina, Juliette},
  URL = {https://hal.archives-ouvertes.fr/hal-02285402},
  BOOKTITLE = {{ROADEF 2019}},
  ADDRESS = {Le Havre, France},
  YEAR = {2019},
  MONTH = Feb,
  HAL_ID = {hal-02285402},
  HAL_VERSION = {v1},
}

@inproceedings{peton:hal-02285430,
  TITLE = {{Vehicle Routing Problem with Alternative Delivery Options and Customer Preferences}},
  AUTHOR = {P{\'e}ton, Olivier and Dumez, Dorian and Lehu{\'e}d{\'e}, Fabien},
  URL = {https://hal.archives-ouvertes.fr/hal-02285430},
  BOOKTITLE = {{International Workshop on Urban Operations Research 2019}},
  ADDRESS = {Nagoya, Japan},
  YEAR = {2019},
  MONTH = Jul,
  HAL_ID = {hal-02285430},
  HAL_VERSION = {v1},
}

@inproceedings{he:hal-02285437,
  TITLE = {{A Dynamic Discretization Discovery Algorithm for solving the Continuous-time Service Network Design and Routing Problem}},
  AUTHOR = {He, Yun and Hewitt, Mike and Lehu{\'e}d{\'e}, Fabien and P{\'e}ton, Olivier and Medina, Juliette},
  URL = {https://hal.archives-ouvertes.fr/hal-02285437},
  BOOKTITLE = {{International Network Optimization Conference}},
  ADDRESS = {Avignon, France},
  YEAR = {2019},
  MONTH = Jun,
  HAL_ID = {hal-02285437},
  HAL_VERSION = {v1},
}

@article{dolgui:hal-01741662,
  TITLE = {{Optimising integrated inventory policy for perishable items in a multi-stage supply chain}},
  AUTHOR = {Dolgui, Alexandre and Tiwari, Manoj Kumar and Sinjana, Yerasani and Kumar, Sri Krishna and Son, Young-Jun},
  URL = {https://hal.archives-ouvertes.fr/hal-01741662},
  JOURNAL = {{International Journal of Production Research}},
  HAL_LOCAL_REFERENCE = {ACL+},
  PUBLISHER = {{Taylor \& Francis}},
  VOLUME = {56},
  NUMBER = {1-2},
  PAGES = {902 - 925},
  YEAR = {2018},
  MONTH = Jan,
  DOI = {10.1080/00207543.2017.1407500},
  KEYWORDS = {fleet selection ; production-inventory-distribution ; non-revisiting genetic algorithm ; Supply chain ; perishable products},
  PDF = {https://hal.archives-ouvertes.fr/hal-01741662/file/1%20-%20paper%20doc-2.pdf},
  HAL_ID = {hal-01741662},
  HAL_VERSION = {v1},
}

@article{dolgui:hal-01741711,
  TITLE = {{Leading scholars in Production Research for the 55th volume anniversary of IJPR}},
  AUTHOR = {Dolgui, Alexandre},
  URL = {https://hal.archives-ouvertes.fr/hal-01741711},
  JOURNAL = {{International Journal of Production Research}},
  HAL_LOCAL_REFERENCE = {ACL+},
  PUBLISHER = {{Taylor \& Francis}},
  VOLUME = {56},
  NUMBER = {1-2},
  PAGES = {1 - 9},
  YEAR = {2018},
  MONTH = Jan,
  DOI = {10.1080/00207543.2018.1429119},
  PDF = {https://hal.archives-ouvertes.fr/hal-01741711/file/Editorial%20FINAL.pdf},
  HAL_ID = {hal-01741711},
  HAL_VERSION = {v1},
}

@article{dolgui:hal-01741690,
  TITLE = {{Ripple effect in the supply chain: an analysis and recent literature}},
  AUTHOR = {Dolgui, Alexandre and Ivanov, Dmitry and Sokolov, Boris},
  URL = {https://hal.archives-ouvertes.fr/hal-01741690},
  JOURNAL = {{International Journal of Production Research}},
  HAL_LOCAL_REFERENCE = {ACL+},
  PUBLISHER = {{Taylor \& Francis}},
  SERIES = {Leading scholars in Production Research},
  VOLUME = {56},
  NUMBER = {1-2},
  PAGES = {414-430},
  YEAR = {2018},
  DOI = {10.1080/00207543.2017.1387680},
  KEYWORDS = {Supply Chain Resilience ; Sup- ply Chain Design ; Supply Chain Engineering ; Supply Chain Dynamics ; Supply Chain Risk Management},
  PDF = {https://hal.archives-ouvertes.fr/hal-01741690/file/Submitted%20version%20August%2019%202017%20IJPR%2055%282%29_MSREV.pdf},
  HAL_ID = {hal-01741690},
  HAL_VERSION = {v1},
}

@article{ivanov:hal-01961192,
  TITLE = {{Scheduling of recovery actions in the supply chain with resilience analysis considerations}},
  AUTHOR = {Ivanov, Dmitry and Dolgui, Alexandre and Sokolov, Boris},
  URL = {https://hal.archives-ouvertes.fr/hal-01961192},
  JOURNAL = {{International Journal of Production Research}},
  HAL_LOCAL_REFERENCE = {ACL+},
  PUBLISHER = {{Taylor \& Francis}},
  VOLUME = {56},
  NUMBER = {19},
  PAGES = {6473-6490},
  YEAR = {2018},
  MONTH = May,
  HAL_ID = {hal-01961192},
  HAL_VERSION = {v1},
}

@inproceedings{pirogov:hal-01713722,
  TITLE = {{Enhanced MILP approach for maximizing the robustness of paced transfer lines with uncertain parallel tasks and fixed number of machines}},
  AUTHOR = {Pirogov, Aleksandr and Gurevsky, Evgeny and Rossi, Andr{\'e} and Dolgui, Alexandre},
  URL = {https://hal.archives-ouvertes.fr/hal-01713722},
  BOOKTITLE = {{19th Congress of the French Society of Operations Research and Decision Aid (ROADEF 2018)}},
  ADDRESS = {Lorient, France},
  HAL_LOCAL_REFERENCE = {ACTN},
  YEAR = {2018},
  MONTH = Feb,
  HAL_ID = {hal-01713722},
  HAL_VERSION = {v1},
}

@inproceedings{pirogov:hal-01614455,
  TITLE = {{A MILP approach for robust transfer line design}},
  AUTHOR = {Pirogov, Aleksandr and Gurevsky, Evgeny and Rossi, Andr{\'e} and Dolgui, Alexandre},
  URL = {https://hal.archives-ouvertes.fr/hal-01614455},
  BOOKTITLE = {{7th International Conference on Industrial Engineering and Systems Management (IESM 2017)}},
  ADDRESS = {Saarbr{\"u}cken, Germany},
  YEAR = {2017},
  MONTH = Oct,
  HAL_ID = {hal-01614455},
  HAL_VERSION = {v1},
}

@unpublished{lehuede:hal-01922934,
  TITLE = {{A lexicographic minimax approach to the vehicle routing problem with load balancing}},
  AUTHOR = {Lehu{\'e}d{\'e}, Fabien and P{\'e}ton, Olivier and Tricoire, Fabien},
  URL = {https://hal.archives-ouvertes.fr/hal-01922934},
  NOTE = {working paper or preprint},
  HAL_LOCAL_REFERENCE = {IMT Atlantique Working Paper 18/1/DAPI},
  YEAR = {2018},
  KEYWORDS = {vehicle routing problem ; workload balancing ; equity in route duration ; multi-directional local search ; large neighborhood search},
  HAL_ID = {hal-01922934},
  HAL_VERSION = {v1},
}

@inproceedings{pirogov:hal-01832920,
  TITLE = {{Optimality-based cuts generation for robust balancing of paced production lines with blocks of uncertain parallel tasks and space restrictions}},
  AUTHOR = {Pirogov, Aleksandr and Gurevsky, Evgeny and Rossi, Andr{\'e} and Dolgui, Alexandre},
  URL = {https://hal.archives-ouvertes.fr/hal-01832920},
  BOOKTITLE = {{29th European Conference on Operational Research  (EURO 2018)}},
  ADDRESS = {Valencia, Spain},
  YEAR = {2018},
  MONTH = Jul,
  HAL_ID = {hal-01832920},
  HAL_VERSION = {v1},
}

@inproceedings{grangier:hal-01925325,
  TITLE = {{A LNS and branch-and-check approach for a VRP with cross-docking and ressource synchronization}},
  AUTHOR = {Grangier, Philippe and Gendreau, Michel and Lehu{\'e}d{\'e}, Fabien and Rousseau, Louis-Martin},
  URL = {https://hal.archives-ouvertes.fr/hal-01925325},
  BOOKTITLE = {{INFORMS TSL Workshop on ``E-Commerce and Urban Logistics''}},
  ADDRESS = {Hong-Kong, China},
  YEAR = {2018},
  PDF = {https://hal.archives-ouvertes.fr/hal-01925325/file/VRPCDDR.pdf},
  HAL_ID = {hal-01925325},
  HAL_VERSION = {v1},
}

@article{battaia:hal-01523726,
  TITLE = {{Decision support for design of reconfigurable rotary machining systems for family part production}},
  AUTHOR = {Batta{\"i}a, Olga and Dolgui, Alexandre and Guschinsky, Nikolai},
  URL = {https://hal.archives-ouvertes.fr/hal-01523726},
  JOURNAL = {{International Journal of Production Research}},
  HAL_LOCAL_REFERENCE = {ACL+},
  PUBLISHER = {{Taylor \& Francis}},
  VOLUME = {55},
  NUMBER = {5},
  PAGES = {1368-1385},
  YEAR = {2017},
  DOI = {10.1080/00207543.2016.1213451},
  KEYWORDS = {Family part production ; Production system design ; Reconfigurable machining systems ; Combinatorial design ; Rotary machine ; Combinatorial optimization},
  PDF = {https://hal.archives-ouvertes.fr/hal-01523726/file/REV_IJPR_OB_AD_NG.pdf},
  HAL_ID = {hal-01523726},
  HAL_VERSION = {v1},
}

@incollection{dolgui:hal-01977539,
  TITLE = {{Complexity of Bi-objective Buffer Allocation Problem in Systems with Simple Structure}},
  AUTHOR = {Dolgui, Alexandre and Eremeev, Anton and Kovalyov, Mikhail and Sigaev, Vyacheslav},
  URL = {https://hal.archives-ouvertes.fr/hal-01977539},
  BOOKTITLE = {{Optimization Problems and Their Applications}},
  PUBLISHER = {{Springer}},
  SERIES = {Communications in Computer and Information Science},
  VOLUME = {871},
  PAGES = {278-287},
  YEAR = {2018},
  MONTH = Jun,
  HAL_ID = {hal-01977539},
  HAL_VERSION = {v1},
}

@inproceedings{lehuede:hal-01517255,
  TITLE = {{Multi-directional local search for a bi-objective vehicle routing problem with lexicographic minimax load balancing}},
  AUTHOR = {Lehu{\'e}d{\'e}, Fabien and P{\'e}ton, Olivier and Tricoire, Fabien},
  URL = {https://hal.archives-ouvertes.fr/hal-01517255},
  BOOKTITLE = {{TSL Conference 2017}},
  ADDRESS = {Chicago, United States},
  YEAR = {2017},
  MONTH = Jul,
  HAL_ID = {hal-01517255},
  HAL_VERSION = {v1},
}

@inproceedings{medina:hal-01517258,
  TITLE = {{Models and methods for an integrated load plan design and vehicle routing problem}},
  AUTHOR = {Medina, Juliette and Hewitt, Mike and Lehu{\'e}d{\'e}, Fabien and P{\'e}ton, Olivier},
  URL = {https://hal.archives-ouvertes.fr/hal-01517258},
  BOOKTITLE = {{JOpt 2017}},
  ADDRESS = {Montr{\'e}al, Canada},
  YEAR = {2017},
  MONTH = May,
  HAL_ID = {hal-01517258},
  HAL_VERSION = {v1},
}

@techreport{grangier:hal-01517259,
  TITLE = {{The Vehicle Routing Problem with Cross-Docking and Resource Constraints}},
  AUTHOR = {Grangier, Philippe and Gendreau, Michel and Lehu{\'e}d{\'e}, Fabien and Rousseau, Louis-Martin},
  URL = {https://hal.archives-ouvertes.fr/hal-01517259},
  TYPE = {Research Report},
  NUMBER = {2017-23},
  PAGES = {23p},
  INSTITUTION = {{Les cahiers du CIRRELT}},
  YEAR = {2017},
  MONTH = Apr,
  HAL_ID = {hal-01517259},
  HAL_VERSION = {v1},
}

@unpublished{kosgodagandallatorre:hal-01521804,
  TITLE = {{Representing Markov processes as dynamic non-parametric Bayesian networks}},
  AUTHOR = {Kosgodagan-Dalla Torre, Alex and Yeung, Thomas G. and Morales-N{\'a}poles, Oswaldo and Castanier, Bruno},
  URL = {https://hal.archives-ouvertes.fr/hal-01521804},
  NOTE = {working paper or preprint},
  YEAR = {2017},
  MONTH = May,
  PDF = {https://hal.archives-ouvertes.fr/hal-01521804/file/NPBN_MARKOV.pdf},
  HAL_ID = {hal-01521804},
  HAL_VERSION = {v1},
}

@incollection{ivanov:hal-01719522,
  TITLE = {{Simulation vs optimization approaches to ripple effect modelling in the supply chain, Chapter 5}},
  AUTHOR = {Ivanov, Dmitry and Dolgui, Alexandre and Ivanova, Marina and Sokolov, Boris},
  URL = {https://hal.archives-ouvertes.fr/hal-01719522},
  BOOKTITLE = {{Dynamics in Logistics, Freitag M., Kotzab H., Pannek J. (eds), LDIC 2018, Lecture Notes in Logistics (LNL)}},
  PUBLISHER = {{Springer}},
  YEAR = {2018},
  MONTH = Feb,
  HAL_ID = {hal-01719522},
  HAL_VERSION = {v1},
}

@inproceedings{schepler:hal-01474542,
  TITLE = {{Robust scheduling of assembly lines with and without parallel workstations}},
  AUTHOR = {Schepler, Xavier and Rossi, Andr{\'e} and Gurevsky, Evgeny and Dolgui, Alexandre},
  URL = {https://hal.archives-ouvertes.fr/hal-01474542},
  BOOKTITLE = {{18th Congress of the French Society of Operations Research and Decision Aid  (ROADEF 2017)}},
  ADDRESS = {Metz, France},
  HAL_LOCAL_REFERENCE = {ACTN},
  YEAR = {2017},
  MONTH = Feb,
  HAL_ID = {hal-01474542},
  HAL_VERSION = {v1},
}

@inproceedings{pirogov:hal-01819550,
  TITLE = {{Maximization of production line robustness under task time uncertainties at the line design stage}},
  AUTHOR = {Pirogov, Aleksandr and Rossi, Andr{\'e} and Dolgui, Alexandre},
  URL = {https://hal.archives-ouvertes.fr/hal-01819550},
  BOOKTITLE = {{EURO Mini-Conference on Logistics Analytics}},
  ADDRESS = {Minsk, Belarus},
  YEAR = {2018},
  MONTH = Jun,
  HAL_ID = {hal-01819550},
  HAL_VERSION = {v1},
}

@inproceedings{alhasan:hal-01720674,
  TITLE = {{Dynamic Surgical Case Scheduling with sterilizing activities constraints: A rolling horizon approach}},
  AUTHOR = {Al Hasan, Hasan and Gu{\'e}ret, Christelle and Lemoine, David and Rivreau, David},
  URL = {https://hal.archives-ouvertes.fr/hal-01720674},
  BOOKTITLE = {{Roadef 2018}},
  ADDRESS = {Lorient, France},
  HAL_LOCAL_REFERENCE = {ACTN},
  YEAR = {2018},
  MONTH = Feb,
  HAL_ID = {hal-01720674},
  HAL_VERSION = {v1},
}

@article{li:hal-01522121,
  TITLE = {{Using common weights and efficiency invariance principles for resource allocation and target setting}},
  AUTHOR = {Li, Feng and Song, Jian and Dolgui, Alexandre and Liang, Liang},
  URL = {https://hal.archives-ouvertes.fr/hal-01522121},
  JOURNAL = {{International Journal of Production Research}},
  HAL_LOCAL_REFERENCE = {ACL+},
  PUBLISHER = {{Taylor \& Francis}},
  VOLUME = {55},
  NUMBER = {17},
  PAGES = {4982--4997},
  YEAR = {2017},
  MONTH = Sep,
  DOI = {10.1080/00207543.2017.1287450},
  KEYWORDS = {Resource allocation ; Target setting ; Common weights ; Data Envelopment Analysis (DEA) ; Efficiency invariance},
  PDF = {https://hal.archives-ouvertes.fr/hal-01522121/file/Preprints%20IJPR%20Song%20et%20al%202017.pdf},
  HAL_ID = {hal-01522121},
  HAL_VERSION = {v1},
}

@inproceedings{lehuede:hal-01925330,
  TITLE = {{Multi-directional local search for the leximax-VRP}},
  AUTHOR = {Lehu{\'e}d{\'e}, Fabien and P{\'e}ton, Olivier and Tricoire, Fabien},
  URL = {https://hal.archives-ouvertes.fr/hal-01925330},
  BOOKTITLE = {{7th International Workshop on Freight Transportation and Logistics (ODYSSEUS 2018)}},
  ADDRESS = {Cagliari, Italy},
  YEAR = {2018},
  MONTH = Jun,
  PDF = {https://hal.archives-ouvertes.fr/hal-01925330/file/AbstractLeximaxVRPOdysseus2018Tex.pdf},
  HAL_ID = {hal-01925330},
  HAL_VERSION = {v1},
}

@inproceedings{benammar:hal-02006367,
  TITLE = {{Replenishement planning for two-level assembly systems under stochastic lead times: exact methods and methaheuristics}},
  AUTHOR = {Ben-Ammar, Oussama and Dolgui, Alexandre},
  URL = {https://hal.archives-ouvertes.fr/hal-02006367},
  BOOKTITLE = {{Logistics Analitics: Euro mini-conference}},
  ADDRESS = {Minsk, Belarus},
  YEAR = {2018},
  MONTH = Jun,
  HAL_ID = {hal-02006367},
  HAL_VERSION = {v1},
}

@inproceedings{benammar:hal-01961239,
  TITLE = {{Production planning problem with dynamic demand and stochastic lead times (Invited plenary talk)}},
  AUTHOR = {Ben-Ammar, Oussama and Bettayeb, Belgacem and Dolgui, Alexandre},
  URL = {https://hal.archives-ouvertes.fr/hal-01961239},
  BOOKTITLE = {{Proceedings of the 8th International conference ''Tanaev's Readings 2018''}},
  ADDRESS = {Minsk, Belarus},
  PUBLISHER = {{National Academy of Sciences}},
  PAGES = {192--196},
  YEAR = {2018},
  MONTH = Mar,
  HAL_ID = {hal-01961239},
  HAL_VERSION = {v1},
}

@inproceedings{benammar:hal-01734711,
  TITLE = {{Optimization of multi-period production planning under stochastic lead times and a dynamic demand}},
  AUTHOR = {Ben-Ammar, Oussama and Bettayeb, Belgacem and Dolgui, Alexandre},
  URL = {https://hal.archives-ouvertes.fr/hal-01734711},
  BOOKTITLE = {{Preprints of the 20th International Working Seminar on Production Economics, Grubbstr{\"o}m, R.W, Hinterhuber, H.H., Lundquist, J. (Eds)}},
  ADDRESS = {Innsbruck, Austria},
  VOLUME = {vol. 2},
  PAGES = {55--66},
  YEAR = {2018},
  MONTH = Feb,
  HAL_ID = {hal-01734711},
  HAL_VERSION = {v1},
}

@article{benammar:hal-01769391,
  TITLE = {{Planned lead times optimization for multi-level assembly systems under uncertainties}},
  AUTHOR = {Ben-Ammar, Oussama and Dolgui, Alexandre and Wu, Desheng Dash},
  URL = {https://hal.archives-ouvertes.fr/hal-01769391},
  JOURNAL = {{Omega}},
  HAL_LOCAL_REFERENCE = {ACL+},
  HAL_LOCAL_REFERENCE = {BEST},
  PUBLISHER = {{Elsevier}},
  VOLUME = {78},
  PAGES = {39 - 56},
  YEAR = {2018},
  MONTH = Jul,
  DOI = {10.1016/j.omega.2017.11.004},
  KEYWORDS = {Stochastic modeling ; Planned lead times optimization ; Branch and ; Bound ; Assemble-to-order ; Multi-level assembly systems ; Assembly contracting ; Stochastic lead-times},
  PDF = {https://hal.archives-ouvertes.fr/hal-01769391/file/Ben%20Ammar%20et%20Al.%20October%202017%20version%204%20FINAL%20without%20modifications.pdf},
  HAL_ID = {hal-01769391},
  HAL_VERSION = {v1},
}

@article{benammar:hal-01961194,
  TITLE = {{Optimal order release dates for two-level assembly systems with stochastic lead times at each level}},
  AUTHOR = {Ben-Ammar, Oussama and Dolgui, Alexandre},
  URL = {https://hal.archives-ouvertes.fr/hal-01961194},
  JOURNAL = {{International Journal of Production Research}},
  HAL_LOCAL_REFERENCE = {ACL+},
  PUBLISHER = {{Taylor \& Francis}},
  VOLUME = {56},
  NUMBER = {12},
  PAGES = {4226-4242},
  YEAR = {2018},
  MONTH = Feb,
  HAL_ID = {hal-01961194},
  HAL_VERSION = {v1},
}

@inproceedings{dolgui:hal-01979016,
  TITLE = {{Replenishment planning in supply chains under uncertainties (invited keynote plenary talk)}},
  AUTHOR = {Dolgui, Alexandre},
  URL = {https://hal.archives-ouvertes.fr/hal-01979016},
  BOOKTITLE = {{The 48th International Conference on Computers \& Industrial Engineering (CIE48)}},
  ADDRESS = {Auckland, New Zealand},
  ORGANIZATION = {{The University of  Auckland}},
  YEAR = {2018},
  MONTH = Dec,
  HAL_ID = {hal-01979016},
  HAL_VERSION = {v1},
}

@inproceedings{dolgui:hal-01979019,
  TITLE = {{Combinatorial design of machining lines: new optimization problems and techniques (invited plenary keynote talk)}},
  AUTHOR = {Dolgui, Alexandre},
  URL = {https://hal.archives-ouvertes.fr/hal-01979019},
  BOOKTITLE = {{14th International Industrial Engineering Conference}},
  ADDRESS = {Teheran, Iran},
  YEAR = {2018},
  MONTH = Feb,
  HAL_ID = {hal-01979019},
  HAL_VERSION = {v1},
}

@inproceedings{dolgui:hal-01979013,
  TITLE = {{Invited presentation of International Journal of Production Research}},
  AUTHOR = {Dolgui, Alexandre},
  URL = {https://hal.archives-ouvertes.fr/hal-01979013},
  BOOKTITLE = {{The 19th Asia Pacific Conference on Industrial Engineering and Management Systems (APIEMS 2018), Hong Kong, 5-8 December 2018}},
  ADDRESS = {Hong Kong, China},
  YEAR = {2018},
  MONTH = Dec,
  HAL_ID = {hal-01979013},
  HAL_VERSION = {v1},
}

@inproceedings{dolgui:hal-01979396,
  TITLE = {{Replenishment planning for assembly to order systems under uncertainty of component lead times (invited plenary keynote talk)}},
  AUTHOR = {Dolgui, Alexandre},
  URL = {https://hal.archives-ouvertes.fr/hal-01979396},
  BOOKTITLE = {{The 16th Int. Logistics and Supply Chain Congress (LMSCM 2018)}},
  ADDRESS = {Denizli, Turkey},
  YEAR = {2018},
  MONTH = Oct,
  HAL_ID = {hal-01979396},
  HAL_VERSION = {v1},
}

@inproceedings{bian:hal-01827265,
  TITLE = {{Multi-Level Uncapacitated Lot-Sizing Problem Considering Working Capital Requirement}},
  AUTHOR = {BIAN, Yuan and Gayraud, Fabrice and Lemoine, David and Yeung, Thomas G. and Bostel, Nathalie},
  URL = {https://hal.archives-ouvertes.fr/hal-01827265},
  BOOKTITLE = {{12th International Conference on Modeling, Optimization and SIMulation (MOSIM18)}},
  ADDRESS = {Toulouse, France},
  PAGES = {8},
  YEAR = {2018},
  HAL_ID = {hal-01827265},
  HAL_VERSION = {v1},
}

@inproceedings{dolgui:hal-01977582,
  TITLE = {{Combinatorial techniques to optimally customize machining/assembly lines (Invited plenary talk)}},
  AUTHOR = {Dolgui, Alexandre},
  URL = {https://hal.archives-ouvertes.fr/hal-01977582},
  BOOKTITLE = {{Optimization Problems and Their Applications,  OPTA 2018, 7th International Conference, Omsk, Russia, 8-14 July 2018}},
  ADDRESS = {Omsk, Russia},
  YEAR = {2018},
  MONTH = Jul,
  HAL_ID = {hal-01977582},
  HAL_VERSION = {v1},
}

@inproceedings{harbaoui:hal-01631156,
  TITLE = {{A case study of a hybrid flow shop with no-wait and limited idle time to minimize material waste}},
  AUTHOR = {Harbaoui, Houda and Khalfallah, Soulef and Bellenguez-Morineau, Odile},
  URL = {https://hal.archives-ouvertes.fr/hal-01631156},
  BOOKTITLE = {{IEEE 15th International Symposium on Intelligent Systems and Informatics}},
  ADDRESS = {Subotica, Serbia},
  YEAR = {2017},
  MONTH = Sep,
  DOI = {10.1109/SISY.2017.8080554},
  HAL_ID = {hal-01631156},
  HAL_VERSION = {v1},
}

@inproceedings{battaia:hal-01979433,
  TITLE = {{MIP approach for batch machining at flow lines with stationary machines}},
  AUTHOR = {Batta{\"i}a, Olga and Dolgui, Alexandre and Guschinsky, Nikolay},
  URL = {https://hal.archives-ouvertes.fr/hal-01979433},
  BOOKTITLE = {{Proceedings of the 8th International conference ``Tanaev's Readings 2018''}},
  ADDRESS = {Minsk, Belarus},
  PUBLISHER = {{ISBN: 978-985-6744-98-6}},
  PAGES = {187--191},
  YEAR = {2018},
  MONTH = Mar,
  HAL_ID = {hal-01979433},
  HAL_VERSION = {v1},
}

@inproceedings{dolgui:hal-01979462,
  TITLE = {{Replenishment planning for assembly to order systems under uncertainty of component lead times}},
  AUTHOR = {Dolgui, Alexandre},
  URL = {https://hal.archives-ouvertes.fr/hal-01979462},
  BOOKTITLE = {{Invited Seminar, Bandung Institute of Technology}},
  ADDRESS = {Bandung, Indonesia},
  YEAR = {2018},
  MONTH = Nov,
  HAL_ID = {hal-01979462},
  HAL_VERSION = {v1},
}

@inproceedings{rozin:hal-01979445,
  TITLE = {{Optimization of output and manufacturing intensities for batch processing of multiple products on multi-position transfer line under uncertainty of demande}},
  AUTHOR = {Rozin, Boris and Levin, Genrikh and Dolgui, Alexandre},
  URL = {https://hal.archives-ouvertes.fr/hal-01979445},
  BOOKTITLE = {{Logistics Analitics: Euro mini-conference}},
  ADDRESS = {Minsk, Belarus},
  YEAR = {2018},
  MONTH = Jun,
  HAL_ID = {hal-01979445},
  HAL_VERSION = {v1},
}

@inproceedings{dolgui:hal-01979459,
  TITLE = {{Gestion des r{\'e}approvisionnements en composants pour les syst{\`e}mes d'assemblage sous incertitudes des d{\'e}lais de livraison}},
  AUTHOR = {Dolgui, Alexandre},
  URL = {https://hal.archives-ouvertes.fr/hal-01979459},
  BOOKTITLE = {{Seminaire invit{\'e} FORAC et CIRRELT, Universit{\'e} Laval}},
  ADDRESS = {Qu{\'e}bec, Canada},
  YEAR = {2018},
  MONTH = Oct,
  HAL_ID = {hal-01979459},
  HAL_VERSION = {v1},
}

@article{bakhtadze:hal-01979427,
  TITLE = {{Data Mining-Based Prediction of Manufacturing Situations}},
  AUTHOR = {Bakhtadze, N. and Pyatetsky, V. and Sabitov, R. and Smirnova, G. and Elpashev, D. and Zakharov, E. and Dolgui, Alexandre},
  URL = {https://hal.archives-ouvertes.fr/hal-01979427},
  JOURNAL = {{IFAC-PapersOnLine}},
  PUBLISHER = {{Elsevier}},
  VOLUME = {51},
  NUMBER = {11},
  PAGES = {316-321},
  YEAR = {2018},
  HAL_ID = {hal-01979427},
  HAL_VERSION = {v1},
}

@inproceedings{dolgui:hal-01979391,
  TITLE = {{Combinatorial design of paced production lines in machining environment (invited plenary keynote talk)}},
  AUTHOR = {Dolgui, Alexandre},
  URL = {https://hal.archives-ouvertes.fr/hal-01979391},
  BOOKTITLE = {{The XIX Congress of the Portuguese Association of Operational Research}},
  ADDRESS = {Aveiro, Portugal},
  YEAR = {2018},
  MONTH = Sep,
  HAL_ID = {hal-01979391},
  HAL_VERSION = {v1},
}

@article{dolgui:hal-01979423,
  TITLE = {{Control Theory Applications to Operations Systems, Supply Chain Management and Industry 4.0 Networks}},
  AUTHOR = {Dolgui, Alexandre and Ivanov, Dmitry and Sethi, Suresh and Sokolov, Boris},
  URL = {https://hal.archives-ouvertes.fr/hal-01979423},
  JOURNAL = {{IFAC-PapersOnLine}},
  PUBLISHER = {{Elsevier}},
  VOLUME = {51},
  NUMBER = {11},
  PAGES = {1536-1541},
  YEAR = {2018},
  HAL_ID = {hal-01979423},
  HAL_VERSION = {v1},
}

@inproceedings{massonnet:hal-01980057,
  TITLE = {{A sampling matheuristic for the location inventory routing problem}},
  AUTHOR = {Massonnet, Guillaume and P{\'e}ton, Olivier},
  URL = {https://hal.archives-ouvertes.fr/hal-01980057},
  BOOKTITLE = {{Workshop XXIV of the EURO Working Group on Locational Analysis}},
  ADDRESS = {Edinburgh, United Kingdom},
  YEAR = {2018},
  MONTH = May,
  HAL_ID = {hal-01980057},
  HAL_VERSION = {v1},
}

@article{grangier:hal-01499170,
  TITLE = {{A matheuristic based on large neighborhood search for the vehicle routing problem with cross-docking}},
  AUTHOR = {Grangier, Philippe and Gendreau, Michel and Lehu{\'e}d{\'e}, Fabien and Rousseau, Louis-Martin},
  URL = {https://hal.archives-ouvertes.fr/hal-01499170},
  JOURNAL = {{Computers and Operations Research}},
  HAL_LOCAL_REFERENCE = {ACL+},
  PUBLISHER = {{Elsevier}},
  VOLUME = {84},
  PAGES = {116 - 126},
  YEAR = {2017},
  MONTH = Aug,
  DOI = {10.1016/j.cor.2017.03.004},
  KEYWORDS = { Synchronization ;  Matheuristic ; Routing ;  Cross-docking ;  Transfers},
  HAL_ID = {hal-01499170},
  HAL_VERSION = {v1},
}

@article{grimault:hal-01543503,
  TITLE = {{An adaptive large neighborhood search for the full truckload pickup and delivery problem with resource synchronization}},
  AUTHOR = {Grimault, Axel and Bostel, Nathalie and Lehu{\'e}d{\'e}, Fabien},
  URL = {https://hal.archives-ouvertes.fr/hal-01543503},
  JOURNAL = {{Computers and Operations Research}},
  HAL_LOCAL_REFERENCE = {ACL+},
  PUBLISHER = {{Elsevier}},
  VOLUME = {88},
  PAGES = {1 - 14},
  YEAR = {2017},
  MONTH = Dec,
  DOI = {10.1016/j.cor.2017.06.012},
  HAL_ID = {hal-01543503},
  HAL_VERSION = {v1},
}

@article{hosseini:hal-02097333,
  TITLE = {{Review of quantitative methods for supply chain resilience analysis}},
  AUTHOR = {Hosseini, Seyedmohsen and Ivanov, Dmitry and Dolgui, Alexandre},
  URL = {https://hal.archives-ouvertes.fr/hal-02097333},
  JOURNAL = {{Transportation Research Part E: Logistics and Transportation Review}},
  PUBLISHER = {{Elsevier}},
  VOLUME = {125},
  PAGES = {285-307},
  YEAR = {2019},
  MONTH = May,
  DOI = {10.1016/j.tre.2019.03.001},
  HAL_ID = {hal-02097333},
  HAL_VERSION = {v1},
}

@incollection{ivanov:hal-02434349,
  TITLE = {{Digital Supply Chain Twins: Managing the Ripple Effect, Resilience, and Disruption Risks by Data-Driven Optimization, Simulation, and Visibility}},
  AUTHOR = {Ivanov, Dmitry and Dolgui, Alexandre and Das, Ajay and Sokolov, Boris},
  URL = {https://hal.archives-ouvertes.fr/hal-02434349},
  BOOKTITLE = {{Handbook of Ripple Effects in the Supply Chain}},
  PAGES = {309-332},
  YEAR = {2019},
  MONTH = Apr,
  DOI = {10.1007/978-3-030-14302-2\_15},
  HAL_ID = {hal-02434349},
  HAL_VERSION = {v1},
}

@incollection{hashemipetroodi:hal-02355032,
  TITLE = {{Decision Support System for Joint Product Design and Reconfiguration of Production Systems}},
  AUTHOR = {Hashemi-Petroodi, S. Ehsan and Gonnermann, Clemens and Paul, Magdalena and Thevenin, Simon and Dolgui, Alexandre and Reinhart, Gunther},
  URL = {https://hal-imt-atlantique.archives-ouvertes.fr/hal-02355032},
  BOOKTITLE = {{IFIP WG 5.7 International Conference APMS 2019. September 1 -- 5, 2019, Austin, USA, Proceedings, Part I, IFIP Advances in Information and Communication Technology}},
  PUBLISHER = {{Springer}},
  VOLUME = {vol. 566},
  PAGES = {231--238},
  YEAR = {2019},
  MONTH = Sep,
  DOI = {10.1007/978-3-030-30000-5},
  HAL_ID = {hal-02355032},
  HAL_VERSION = {v1},
}

@article{tiwari:hal-02043631,
  TITLE = {{Design for manufacturing and assembly/disassembly: joint design of products and production systems}},
  AUTHOR = {Tiwari, Manoj Kumar and Batta{\"i}a, Olga and Dolgui, Alexandre and Heragu, Sunderesh S and Meerkov, Semyon M},
  URL = {https://hal.archives-ouvertes.fr/hal-02043631},
  JOURNAL = {{International Journal of Production Research}},
  PUBLISHER = {{Taylor \& Francis}},
  VOLUME = {56},
  NUMBER = {24},
  PAGES = {7181-7189},
  YEAR = {2017},
  MONTH = Dec,
  KEYWORDS = {Design for Additive Manufacturing ; Disassembly Line Balancing ; Design for Assembly and Disassembly ; Design for Manufacturing ; Design for Assembly},
  PDF = {https://hal.archives-ouvertes.fr/hal-02043631/file/EDITORIAL%20IJPR_Special_Issue%20DFM_%20Manuscript%20Web.pdf},
  HAL_ID = {hal-02043631},
  HAL_VERSION = {v1},
}

@inproceedings{dolgui:hal-01687968,
  TITLE = {{Some new ideas for assembly line balancing research}},
  AUTHOR = {Dolgui, Alexandre and Gafarov, Evgeny A},
  URL = {https://hal.archives-ouvertes.fr/hal-01687968},
  BOOKTITLE = {{IFAC World Congress}},
  ADDRESS = {Toulouse, France},
  PUBLISHER = {{Elsevier, ISSN 2405-896350}},
  VOLUME = {IFAC-PapersOnLine, 50},
  NUMBER = {1},
  PAGES = {2255 - 2259},
  YEAR = {2017},
  MONTH = Jul,
  DOI = {10.1016/j.ifacol.2017.08.189},
  HAL_ID = {hal-01687968},
  HAL_VERSION = {v1},
}

@inproceedings{dolgui:hal-01687960,
  TITLE = {{Identification and simulation models in logistics control systems for production processes and freighting}},
  AUTHOR = {Dolgui, Alexandre and Bakhtadze, Nataliya and Sabitov, Rustem and Smirnova, Gulnara and Elpashev, Denis},
  URL = {https://hal.archives-ouvertes.fr/hal-01687960},
  BOOKTITLE = {{IFAC World Congress}},
  ADDRESS = {Toulouse, France},
  PUBLISHER = {{Elsevier, ISSN 2405-8963}},
  VOLUME = {IFAC-PapersOnLine, 50},
  NUMBER = {1},
  PAGES = {14638 - 14643},
  YEAR = {2017},
  MONTH = Jul,
  DOI = {10.1016/j.ifacol.2017.08.1903},
  HAL_ID = {hal-01687960},
  HAL_VERSION = {v1},
}

@article{dolgui:hal-01998181,
  TITLE = {{Scheduling in production, supply chain and Industry 4.0 systems by optimal control: fundamentals, state-of-the-art and applications}},
  AUTHOR = {Dolgui, Alexandre and Ivanov, Dmitry and Sethi, Suresh and Sokolov, Boris},
  URL = {https://hal.archives-ouvertes.fr/hal-01998181},
  JOURNAL = {{International Journal of Production Research}},
  PUBLISHER = {{Taylor \& Francis}},
  VOLUME = {57},
  NUMBER = {2},
  PAGES = {411-432},
  YEAR = {2019},
  MONTH = Jan,
  KEYWORDS = {optimal program control ; deterministic control ; maximum principle ; scheduling ; attainable sets ; algorithms},
  PDF = {https://hal.archives-ouvertes.fr/hal-01998181/file/Paper%202017%20OPC%20Survey%20NEW%20corr%20SBV%2016.6.17_MSREV2.pdf},
  HAL_ID = {hal-01998181},
  HAL_VERSION = {v1},
}

@article{elhajj:hal-01520822,
  TITLE = {{A Condition-Based Deterioration Model for the Stochastic Dependency of Corrosion Rate and Crack Propagation in Corroded Concrete Structures}},
  AUTHOR = {El Hajj, Boutros and Schoefs, Franck and Castanier, Bruno and Yeung, Thomas G.},
  URL = {https://hal.archives-ouvertes.fr/hal-01520822},
  JOURNAL = {{Computer-Aided Civil and Infrastructure Engineering}},
  HAL_LOCAL_REFERENCE = {ACL+},
  PUBLISHER = {{Wiley}},
  VOLUME = {32},
  PAGES = {18-33},
  YEAR = {2017},
  DOI = {10.1111/mice.12208},
  PDF = {https://hal.archives-ouvertes.fr/hal-01520822/file/HSCY.pdf},
  HAL_ID = {hal-01520822},
  HAL_VERSION = {v1},
}

@article{quirionblais:hal-01584367,
  TITLE = {{Solving the large-scale min-max K-rural postman problem for snow plowing}},
  AUTHOR = {Quirion-Blais, Olivier and Langevin, Andr{\'e} and Lehu{\'e}d{\'e}, Fabien and P{\'e}ton, Olivier and Tr{\'e}panier, Martin},
  URL = {https://hal.archives-ouvertes.fr/hal-01584367},
  JOURNAL = {{Networks}},
  HAL_LOCAL_REFERENCE = {ACL+},
  PUBLISHER = {{Wiley}},
  VOLUME = {70},
  NUMBER = {3},
  PAGES = {195 - 215},
  YEAR = {2017},
  MONTH = Oct,
  DOI = {10.1002/net.21759},
  HAL_ID = {hal-01584367},
  HAL_VERSION = {v1},
}

@phdthesis{pirogov:tel-02418792,
  TITLE = {{Robust balancing of production lines : MILP models and pre-processing rules}},
  AUTHOR = {Pirogov, Aleksandr},
  URL = {https://tel.archives-ouvertes.fr/tel-02418792},
  NUMBER = {2019IMTA0158},
  SCHOOL = {{Ecole nationale sup{\'e}rieure Mines-T{\'e}l{\'e}com Atlantique}},
  YEAR = {2019},
  MONTH = Nov,
  KEYWORDS = {Robust optimisation ; Production lines ; Stability radius ; Hybrid approach ; Reduction rules ; MILP ; Optimisation robuste ; Lignes de production ; Rayon de stabilit{\'e} ; Approche hybride ; R{\`e}gles de r{\'e}duction ; PLNE},
  TYPE = {Theses},
  PDF = {https://tel.archives-ouvertes.fr/tel-02418792/file/2019IMTA0158_Pirogov-Aleksandr.pdf},
  HAL_ID = {tel-02418792},
  HAL_VERSION = {v1},
}

@article{ivanov:hal-01770431,
  TITLE = {{Hybrid fuzzy-probabilistic approach to supply chain resilience assessment}},
  AUTHOR = {Ivanov, Dmitry and Pavlov, Alexander and Dolgui, Alexandre and Sokolov, Boris},
  URL = {https://hal.archives-ouvertes.fr/hal-01770431},
  JOURNAL = {{IEEE Transactions on Engineering Management}},
  HAL_LOCAL_REFERENCE = {ACL+},
  PUBLISHER = {{Institute of Electrical and Electronics Engineers}},
  VOLUME = {65},
  NUMBER = {2},
  PAGES = {303 - 315},
  YEAR = {2018},
  MONTH = May,
  DOI = {10.1109/TEM.2017.2773574},
  KEYWORDS = {structure dynamics ; resilience ; risk management ; supply chain engineering ; fuzzy theory ; graph theory ; ripple effect},
  PDF = {https://hal.archives-ouvertes.fr/hal-01770431/file/IEEE%20T%20EM%20Ivanov%20et%20al.pdf},
  HAL_ID = {hal-01770431},
  HAL_VERSION = {v1},
}

@article{ivanov:hal-02434321,
  TITLE = {{Low-Certainty-Need (LCN) supply chains: a new perspective in managing disruption risks and resilience}},
  AUTHOR = {Ivanov, Dmitry and Dolgui, Alexandre},
  URL = {https://hal.archives-ouvertes.fr/hal-02434321},
  JOURNAL = {{International Journal of Production Research}},
  PUBLISHER = {{Taylor \& Francis}},
  VOLUME = {57},
  NUMBER = {15-16},
  PAGES = {5119-5136},
  YEAR = {2019},
  MONTH = Jan,
  DOI = {10.1080/00207543.2018.1521025},
  KEYWORDS = {supply chain design ; supply chain risk management ; supply chain resilience ; supply chain dynamics ; supply chain engineering ; disruption ; recovery ; ripple effect ; digital supply chain ; robustness},
  PDF = {https://hal.archives-ouvertes.fr/hal-02434321/file/Paper%20HAL_1.pdf},
  HAL_ID = {hal-02434321},
  HAL_VERSION = {v1},
}

@inproceedings{lemoine:hal-02049435,
  TITLE = {{Probl{\`e}me de lot sizing avec contraintes de capacit{\'e} et financement du besoin en fond de roulement}},
  AUTHOR = {Lemoine, David and Gayraud, Fabrice and Massonnet, Guillaume and Saccoman, Etienne},
  URL = {https://hal.archives-ouvertes.fr/hal-02049435},
  BOOKTITLE = {{ROADEF 2019}},
  ADDRESS = {Le Havre, France},
  YEAR = {2019},
  MONTH = Feb,
  HAL_ID = {hal-02049435},
  HAL_VERSION = {v1},
}

@inproceedings{alhasan:hal-01775319,
  TITLE = {{A MILP formulation for an operating room scheduling problem under sterilizing activities constraints}},
  AUTHOR = {Al Hasan, Hasan and Gu{\'e}ret, Christelle and Lemoine, David and Rivreau, David},
  URL = {https://hal.archives-ouvertes.fr/hal-01775319},
  BOOKTITLE = {{16th International Conference on Project Management and Scheduling (PMS)}},
  ADDRESS = {Rome, Italy},
  EDITOR = {University of Rome ''Tor Vergata'' Dipartimento di Ingegneria dell'Impresa Via del Politecnico, 1 00133 Roma - Italy},
  YEAR = {2018},
  MONTH = Apr,
  HAL_ID = {hal-01775319},
  HAL_VERSION = {v1},
}

@inproceedings{dolgui:hal-01688876,
  TITLE = {{Combinatorial design of machining lines }},
  AUTHOR = {Dolgui, Alexandre},
  URL = {https://hal.archives-ouvertes.fr/hal-01688876},
  BOOKTITLE = {{18th Asia Pacific Industrial Engineering and Management System Conference 2017 (APIEMS 2017)}},
  ADDRESS = {Yogyakarta, Indonesia},
  YEAR = {2017},
  MONTH = Dec,
  HAL_ID = {hal-01688876},
  HAL_VERSION = {v1},
}

@article{ivanov:hal-01522118,
  TITLE = {{Literature Review on Disruption Recovery in the Supply Chain}},
  AUTHOR = {Ivanov, Dmitry and Dolgui, Alexandre and Sokolov, Boris and Ivanova, Marina},
  URL = {https://hal.archives-ouvertes.fr/hal-01522118},
  JOURNAL = {{International Journal of Production Research}},
  HAL_LOCAL_REFERENCE = {ACL+},
  PUBLISHER = {{Taylor \& Francis}},
  VOLUME = {55},
  NUMBER = {20},
  PAGES = {6158--6174},
  YEAR = {2017},
  MONTH = Oct,
  DOI = {10.1080/00207543.2017.1330572},
  PDF = {https://hal.archives-ouvertes.fr/hal-01522118/file/Preprint%202_SI%20IJPR%20MIM%202016.pdf},
  HAL_ID = {hal-01522118},
  HAL_VERSION = {v2},
}

@article{dolgui:hal-01687931,
  TITLE = {{Analysis of a multicriterial buffer capacity optimization problem for a production line}},
  AUTHOR = {Dolgui, Alexandre and Eremeev, V. and Sigaev, V.},
  URL = {https://hal.archives-ouvertes.fr/hal-01687931},
  JOURNAL = {{Automation and Remote Control / Avtomatika i Telemekhanika}},
  PUBLISHER = {{MAIK Nauka/Interperiodica}},
  VOLUME = {78},
  NUMBER = {7},
  PAGES = {1276 - 1289},
  YEAR = {2017},
  MONTH = Jul,
  DOI = {10.1134/S0005117917070098},
  PDF = {https://hal.archives-ouvertes.fr/hal-01687931/file/sigaev2015full_v33%20FINAL.pdf},
  HAL_ID = {hal-01687931},
  HAL_VERSION = {v1},
}

@inproceedings{dolgui:hal-01688882,
  TITLE = {{55th anniversary of Production Research (IJPR): An invited plenary talk}},
  AUTHOR = {Dolgui, Alexandre},
  URL = {https://hal.archives-ouvertes.fr/hal-01688882},
  BOOKTITLE = {{24th International Conference on Production Research (ICPR 24)}},
  ADDRESS = {Poznan, Poland},
  YEAR = {2017},
  MONTH = Jul,
  HAL_ID = {hal-01688882},
  HAL_VERSION = {v1},
}

@article{guiras:hal-01780777,
  TITLE = {{Optimization of Two-Level Disassembly/Remanufacturing/Assembly System with an Integrated Maintenance Strategy}},
  AUTHOR = {Guiras, Zouhour and TURKI, Sadok and Rezg, Nidhal and Dolgui, Alexandre},
  URL = {https://hal.archives-ouvertes.fr/hal-01780777},
  JOURNAL = {{Applied Sciences}},
  PUBLISHER = {{MDPI}},
  VOLUME = {8},
  NUMBER = {5},
  YEAR = {2018},
  MONTH = May,
  DOI = {10.3390/app8050666},
  KEYWORDS = {machine failures ; maintenance plan ; stochastic lead times ; disassembly-assembly system ; remanufactured components},
  PDF = {https://hal.archives-ouvertes.fr/hal-01780777/file/applsci-08-00666-v2.pdf},
  HAL_ID = {hal-01780777},
  HAL_VERSION = {v1},
}

@inproceedings{dolgui:hal-01688932,
  TITLE = {{Optimisation of processing conditions for multi-product batch production lines with series-parallel operations under uncertainty on demands for finished products}},
  AUTHOR = {Dolgui, Alexandre and Rozin, Boris and Levin, Genrikh},
  URL = {https://hal.archives-ouvertes.fr/hal-01688932},
  BOOKTITLE = {{18th Asia Pacific Industrial Engineering and Management System Conference}},
  ADDRESS = {Yogyakarta, Indonesia},
  PAGES = { A2-7 to A2-12},
  YEAR = {2017},
  MONTH = Jan,
  KEYWORDS = {Optimization ; Random demand ; Production/assembly line ; Process planning ; Batch processing},
  HAL_ID = {hal-01688932},
  HAL_VERSION = {v1},
}

@inproceedings{levin:hal-01688942,
  TITLE = {{Methods of Optimization for Aggregation and Execution Modes of Steps for Multi-positional Batch Processing}},
  AUTHOR = {Levin, Genrikh and Rozin, Boris and Dolgui, Alexandre},
  URL = {https://hal.archives-ouvertes.fr/hal-01688942},
  BOOKTITLE = {{The international conference IT in Production, Logistics and Social Sphere}},
  ADDRESS = {Minsk, Belarus},
  YEAR = {2017},
  MONTH = May,
  HAL_ID = {hal-01688942},
  HAL_VERSION = {v1},
}

@article{medina:hal-01689718,
  TITLE = {{Integrating long-haul and local transportation planning: the Service Network Design and Routing Problem}},
  AUTHOR = {Medina, Juliette and Hewitt, Mike and Lehu{\'e}d{\'e}, Fabien and P{\'e}ton, Olivier},
  URL = {https://hal.archives-ouvertes.fr/hal-01689718},
  JOURNAL = {{EURO Journal on Transportation and Logistics}},
  PUBLISHER = {{Springer}},
  VOLUME = {8},
  NUMBER = {2},
  PAGES = {119-145},
  YEAR = {2019},
  MONTH = Jun,
  DOI = {10.1007/s13676-017-0114-7},
  HAL_ID = {hal-01689718},
  HAL_VERSION = {v1},
}

@inproceedings{permadi:hal-01591632,
  TITLE = {{Joint location of facilities and mobile resources: an application to the sector of public works}},
  AUTHOR = {Permadi, Agri N. U.  and Grimault, Axel and P{\'e}ton, Olivier},
  URL = {https://hal.archives-ouvertes.fr/hal-01591632},
  BOOKTITLE = {{International Conference on Industrial Engineering and Systems Management}},
  ADDRESS = {Saarbr{\"u}cken, Germany},
  YEAR = {2017},
  MONTH = Oct,
  HAL_ID = {hal-01591632},
  HAL_VERSION = {v1},
}

@inproceedings{dolgui:hal-01688894,
  TITLE = {{IJPR (International Journal of Production Research) is celebrating its 55th anniversary}},
  AUTHOR = {Dolgui, Alexandre},
  URL = {https://hal.archives-ouvertes.fr/hal-01688894},
  BOOKTITLE = {{Intrenational Conference on Industrial Engineering and Systems Management}},
  ADDRESS = {Saarbr{\"u}cken, Germany},
  YEAR = {2017},
  MONTH = Oct,
  HAL_ID = {hal-01688894},
  HAL_VERSION = {v1},
}

@inproceedings{gayraud:hal-01689402,
  TITLE = {{Collaborating Approach to solve a two-Level lot-sizing probelm considering the financing of working capital requirement}},
  AUTHOR = {Gayraud, Fabrice and Bian, Yuan and Lemoine, David and Bostel, Nathalie and Yeung, Thomas G.},
  URL = {https://hal.archives-ouvertes.fr/hal-01689402},
  BOOKTITLE = {{IFAC 2017}},
  ADDRESS = {Toulouse, France},
  YEAR = {2017},
  HAL_ID = {hal-01689402},
  HAL_VERSION = {v1},
}

@inproceedings{permadi:hal-01689353,
  TITLE = {{A Variable Neighborhood Descent algorithm for the location of logistics facilities with mobile resources}},
  AUTHOR = {Permadi, Agri N. U.  and P{\'e}ton, Olivier and Grimault, Axel},
  URL = {https://hal.archives-ouvertes.fr/hal-01689353},
  BOOKTITLE = {{The 18th Asia Pacific Industrial Engineering and Management Systems  (APIEMS 2017)}},
  ADDRESS = {Yogyakarta, Indonesia},
  YEAR = {2017},
  MONTH = Dec,
  HAL_ID = {hal-01689353},
  HAL_VERSION = {v1},
}

@article{bettayeb:hal-01689377,
  TITLE = {{Integrated dynamic single item lot-sizing and quality inspection planning}},
  AUTHOR = {Bettayeb, Belgacem and Brahimi, Nadjib and Lemoine, David},
  URL = {https://hal.archives-ouvertes.fr/hal-01689377},
  JOURNAL = {{International Journal of Production Research}},
  HAL_LOCAL_REFERENCE = {ACL+},
  PUBLISHER = {{Taylor \& Francis}},
  PAGES = {1 - 17},
  YEAR = {2017},
  MONTH = Oct,
  DOI = {10.1080/00207543.2017.1385869},
  HAL_ID = {hal-01689377},
  HAL_VERSION = {v1},
}

@inproceedings{bian:hal-01689406,
  TITLE = {{Mod{\'e}lisation du probl{\`e}me de lot-sizing {\`a} deux niveaux avec maximisation du profit}},
  AUTHOR = {Bian, Yuan and Lemoine, David and Bostel, Nathalie and Yeung, Thomas G.},
  URL = {https://hal.archives-ouvertes.fr/hal-01689406},
  BOOKTITLE = {{ROADEF 2017}},
  ADDRESS = {Metz, France},
  HAL_LOCAL_REFERENCE = {ACTN},
  YEAR = {2017},
  HAL_ID = {hal-01689406},
  HAL_VERSION = {v1},
}

@inproceedings{permadi:hal-01689385,
  TITLE = {{A strategic and tactical facility location problem with mobile equipment}},
  AUTHOR = {Permadi, Agri N. U.  and Grimault, Axel and P{\'e}ton, Olivier},
  URL = {https://hal.archives-ouvertes.fr/hal-01689385},
  BOOKTITLE = {{Annual Workshop of the EURO Working Group on Vehicle Routing and Logistics optimization (VeRoLog 2017)}},
  ADDRESS = {Amsterdam, Netherlands},
  YEAR = {2017},
  MONTH = Jul,
  HAL_ID = {hal-01689385},
  HAL_VERSION = {v1},
}

@inproceedings{dolgui:hal-01697344,
  TITLE = {{55th anniversary of Production Research: An invited plenary talk}},
  AUTHOR = {Dolgui, Alexandre},
  URL = {https://hal.archives-ouvertes.fr/hal-01697344},
  BOOKTITLE = {{ICPR International Conference on Production Research}},
  ADDRESS = {Poznan, Poland},
  YEAR = {2018},
  MONTH = Jul,
  HAL_ID = {hal-01697344},
  HAL_VERSION = {v1},
}

@inproceedings{alhasan:hal-01698495,
  TITLE = {{Surgical Case Scheduling with sterilizing activity constraints}},
  AUTHOR = {Al Hasan, Hasan and Gu{\'e}ret, Christelle and Lemoine, David and Rivreau, David},
  URL = {https://hal.archives-ouvertes.fr/hal-01698495},
  BOOKTITLE = {{Roadef 2017}},
  ADDRESS = {Metz, France},
  HAL_LOCAL_REFERENCE = {ACTN},
  YEAR = {2017},
  HAL_ID = {hal-01698495},
  HAL_VERSION = {v1},
}

@inproceedings{gayraud:hal-02190119,
  TITLE = {{An optimal policy for the Capacitated Lot Sizing Problem with financing of the Working Capital Requirement}},
  AUTHOR = {Gayraud, Fabrice and Lemoine, David and Massonnet, Guillaume},
  URL = {https://hal.archives-ouvertes.fr/hal-02190119},
  BOOKTITLE = {{9th IFAC Conference on Manufacturing Modelling, Management and Control (MIM2019)}},
  ADDRESS = {Berlin, Germany},
  SERIES = {IFAC-PapersOnLine},
  VOLUME = {52},
  NUMBER = {13},
  PAGES = {975-980},
  YEAR = {2019},
  HAL_ID = {hal-02190119},
  HAL_VERSION = {v1},
}

@article{bian:hal-02190123,
  TITLE = {{Two-level uncapacitated lot sizing problem considering financial cost of working capital requirement.}},
  AUTHOR = {BIAN, Yuan and Lemoine, David and Bostel, Nathalie and Yeung, Thomas G.},
  URL = {https://hal.archives-ouvertes.fr/hal-02190123},
  JOURNAL = {{Frontiers of Engineering Management}},
  YEAR = {2019},
  HAL_ID = {hal-02190123},
  HAL_VERSION = {v1},
}

@inproceedings{lemoine:hal-02176606,
  TITLE = {{Planification tactique et maintenance pr{\'e}visionnelle : vers un mod{\`e}le int{\'e}gr{\'e}}},
  AUTHOR = {Lemoine, David and Castanier, Bruno},
  URL = {https://hal.archives-ouvertes.fr/hal-02176606},
  BOOKTITLE = {{CIGIQUALITA}},
  ADDRESS = {Montreal, Canada},
  YEAR = {2019},
  MONTH = Jun,
  HAL_ID = {hal-02176606},
  HAL_VERSION = {v1},
}

@article{guiras:hal-02097311,
  TITLE = {{Optimal maintenance plan for two-level assembly system and risk study of machine failure}},
  AUTHOR = {Guiras, Zouhour and Turki, Sadok and Rezg, Nidhal and Dolgui, Alexandre},
  URL = {https://hal.archives-ouvertes.fr/hal-02097311},
  JOURNAL = {{International Journal of Production Research}},
  PUBLISHER = {{Taylor \& Francis}},
  VOLUME = {57},
  NUMBER = {8},
  PAGES = {2446-2463},
  YEAR = {2019},
  MONTH = Sep,
  DOI = {10.1080/00207543.2018.1521017},
  HAL_ID = {hal-02097311},
  HAL_VERSION = {v1},
}

@article{attema:hal-01517056,
  TITLE = {{Maintenance decision model for steel bridges}},
  AUTHOR = {Attema, Thomas and Kosgodagan Acharige, Alex and Morales-N{\'a}poles, Oswaldo and Maljaars, Johan},
  URL = {https://hal.archives-ouvertes.fr/hal-01517056},
  JOURNAL = {{Structure and Infrastructure Engineering}},
  HAL_LOCAL_REFERENCE = {ACL+},
  PUBLISHER = {{Taylor \& Francis (Routledge): STM, Behavioural Science and Public Health Titles}},
  VOLUME = {13},
  NUMBER = {2},
  PAGES = {242 - 253},
  YEAR = {2017},
  DOI = {10.1080/15732479.2016.1158194},
  KEYWORDS = {Monitoring ; Non-parametric Bayesian networks ; Linear elastic fracture mechanics ; Bridge deck ; Fatigue},
  PDF = {https://hal.archives-ouvertes.fr/hal-01517056/file/MDMSB.pdf},
  HAL_ID = {hal-01517056},
  HAL_VERSION = {v1},
}

@inproceedings{dumez:hal-02367987,
  TITLE = {{Integrating lockers and multiple delivery options in a city logistics distribution system}},
  AUTHOR = {Dumez, Dorian and Lehu{\'e}d{\'e}, Fabien and P{\'e}ton, Olivier},
  URL = {https://hal.archives-ouvertes.fr/hal-02367987},
  BOOKTITLE = {{EURO 2019}},
  ADDRESS = {Dublin, Ireland},
  YEAR = {2019},
  MONTH = Jun,
  HAL_ID = {hal-02367987},
  HAL_VERSION = {v1},
}

@inproceedings{he:hal-02368019,
  TITLE = {{A Dynamic Discretization approach to the integrated Service Network Design and Vehicle Routign Problem}},
  AUTHOR = {He, Yun and Lehu{\'e}d{\'e}, Fabien and P{\'e}ton, Olivier},
  URL = {https://hal.archives-ouvertes.fr/hal-02368019},
  BOOKTITLE = {{VeRoLog 2019}},
  ADDRESS = {Sevilla, Spain},
  YEAR = {2019},
  MONTH = Jun,
  HAL_ID = {hal-02368019},
  HAL_VERSION = {v1},
}

@article{bellenguezmorineau:hal-01836884,
  TITLE = {{A survey on how the structure of precedence constraints may change the complexity class of scheduling problems}},
  AUTHOR = {Bellenguez-Morineau, Odile and Prot, Damien},
  URL = {https://hal.archives-ouvertes.fr/hal-01836884},
  JOURNAL = {{Journal of Scheduling}},
  HAL_LOCAL_REFERENCE = {ACL+ BEST},
  PUBLISHER = {{Springer Verlag}},
  VOLUME = {21},
  NUMBER = {1},
  PAGES = {3 - 16},
  YEAR = {2018},
  MONTH = Feb,
  DOI = {10.1007/s10951-017-0519-z},
  HAL_ID = {hal-01836884},
  HAL_VERSION = {v1},
}

@article{lehuede:hal-02296076,
  TITLE = {{A lexicographic minimax approach to the vehicle routing problem with route balancing}},
  AUTHOR = {Lehu{\'e}d{\'e}, Fabien and P{\'e}ton, Olivier and Tricoire, Fabien},
  URL = {https://hal.archives-ouvertes.fr/hal-02296076},
  JOURNAL = {{European Journal of Operational Research}},
  PUBLISHER = {{Elsevier}},
  VOLUME = {282},
  NUMBER = {1},
  PAGES = {129-147},
  YEAR = {2020},
  DOI = {10.1016/j.ejor.2019.09.010},
  KEYWORDS = {equity in route duration ; workload balancing ; vehicle routing problem ; multi-directional local search ; large neighborhood search},
  PDF = {https://hal.archives-ouvertes.fr/hal-02296076/file/leximax%20VRP%20-%20HAL%20version.pdf},
  HAL_ID = {hal-02296076},
  HAL_VERSION = {v1},
}

@article{lai:hal-02097344,
  TITLE = {{The stability radius of an optimal line balance with maximum efficiency for a simple assembly line}},
  AUTHOR = {Lai, Tsung-Chyan and Sotskov, Yuri and Dolgui, Alexandre},
  URL = {https://hal.archives-ouvertes.fr/hal-02097344},
  JOURNAL = {{European Journal of Operational Research}},
  PUBLISHER = {{Elsevier}},
  VOLUME = {274},
  NUMBER = {2},
  PAGES = {466-481},
  YEAR = {2019},
  MONTH = Apr,
  DOI = {10.1016/j.ejor.2018.10.013},
  HAL_ID = {hal-02097344},
  HAL_VERSION = {v1},
}

@article{wang:hal-02062178,
  TITLE = {{A complexity analysis of parallel scheduling unit-time jobs with in-tree precedence constraints while minimizing the mean flow time}},
  AUTHOR = {Wang, Tianyu and Bellenguez-Morineau, Odile},
  URL = {https://hal.archives-ouvertes.fr/hal-02062178},
  JOURNAL = {{Journal of Scheduling}},
  PUBLISHER = {{Springer Verlag}},
  YEAR = {2019},
  MONTH = Feb,
  DOI = {10.1007/s10951-019-00602-0},
  HAL_ID = {hal-02062178},
  HAL_VERSION = {v1},
}

@inproceedings{benammar:hal-01977432,
  TITLE = {{Optimisation d'un plan de production multi-p{\'e}riodes avec une demande dynamique et des d{\'e}lais stochastiques.}},
  AUTHOR = {Ben-Ammar, Oussama and Bettayeb, Belgacem and Dolgui, Alexandre},
  URL = {https://hal.archives-ouvertes.fr/hal-01977432},
  BOOKTITLE = {{Proceedings of the 12th International Conference on Modeling, Optimization and SIMulation (MOSIM18)}},
  ADDRESS = {Toulouse, France},
  YEAR = {2018},
  MONTH = Jun,
  HAL_ID = {hal-01977432},
  HAL_VERSION = {v1},
}

@inproceedings{benammar:hal-01627085,
  TITLE = {{Supply planning optimization for linear production system with stochastic lead-times and quality control}},
  AUTHOR = {Ben-Ammar, Oussama and Bettayeb, Belgacem and Dolgui, Alexandre},
  URL = {https://hal.archives-ouvertes.fr/hal-01627085},
  BOOKTITLE = {{International Conference on Industrial Engineering and Systems Management (IESM 2017)}},
  ADDRESS = {Sarrebruck, Germany},
  YEAR = {2017},
  KEYWORDS = {Uncertainty ; Quality control ; Linear chain production process ; Imperfect production systems},
  PDF = {https://hal.archives-ouvertes.fr/hal-01627085/file/IESM2017.pdf},
  HAL_ID = {hal-01627085},
  HAL_VERSION = {v1},
}

@phdthesis{kosgodagan:tel-01596030,
  TITLE = {{High-dimensional dependence modelling using Bayesian networks for the degradation of civil infrastructures and other applications}},
  AUTHOR = {Kosgodagan, Alex},
  URL = {https://tel.archives-ouvertes.fr/tel-01596030},
  NUMBER = {2017IMTA0020},
  SCHOOL = {{Ecole nationale sup{\'e}rieure Mines-T{\'e}l{\'e}com Atlantique}},
  YEAR = {2017},
  MONTH = Jun,
  KEYWORDS = {Stochastic modelling ; Structured expert judgment ; Copula modelling ; Deterioration modelling ; Bayesian networks ; Bridge reliability ; Jugement structur{\'e} d'expert ; Mod{\'e}lisation de copules ; Mod{\`e}le de d{\'e}gradation probabiliste ; R{\'e}seaux Bay{\'e}siens},
  TYPE = {Theses},
  PDF = {https://tel.archives-ouvertes.fr/tel-01596030/file/2017IMTA0020_KosgodanAlex.pdf},
  HAL_ID = {tel-01596030},
  HAL_VERSION = {v1},
}

@phdthesis{bian:tel-01719523,
  TITLE = {{Tactical production planning for physical and financial flows for supply chain in a multi-site context}},
  AUTHOR = {Bian, Yuan},
  URL = {https://tel.archives-ouvertes.fr/tel-01719523},
  NUMBER = {2017IMTA0064},
  SCHOOL = {{Ecole nationale sup{\'e}rieure Mines-T{\'e}l{\'e}com Atlantique}},
  YEAR = {2017},
  MONTH = Dec,
  KEYWORDS = {Discounted cash flow ; Profit maximization ; Lot-Sizing ; Working Capital Requirement ; Besoin en Fond de Roulement ; Flux de tr{\'e}sorerie actualis{\'e}s ; Maximisation du profit},
  TYPE = {Theses},
  PDF = {https://tel.archives-ouvertes.fr/tel-01719523/file/2017IMTA0064_BianYuan_Diffision.pdf},
  HAL_ID = {tel-01719523},
  HAL_VERSION = {v1},
}

@phdthesis{tonneau:tel-01729672,
  TITLE = {{Non hazardous waste supply chain optimization}},
  AUTHOR = {Tonneau, Quentin Adrien},
  URL = {https://tel.archives-ouvertes.fr/tel-01729672},
  NUMBER = {2017IMTA0058},
  SCHOOL = {{Ecole nationale sup{\'e}rieure Mines-T{\'e}l{\'e}com Atlantique}},
  YEAR = {2017},
  MONTH = Dec,
  KEYWORDS = {Operation research ; Waste Logistic Optimization ; Irp ; Metaheuristics ; Stochastic optimization ; Alns ; Recherche op{\'e}rationnelle ; Logistique des d{\'e}chets ; Probl{\`e}me de tourn{\'e}es avec gestion de stocks ; M{\'e}taheuristique ; Stochastique},
  TYPE = {Theses},
  PDF = {https://tel.archives-ouvertes.fr/tel-01729672/file/2017IMTA0058_TonneauQuentin.pdf},
  HAL_ID = {tel-01729672},
  HAL_VERSION = {v1},
}

@phdthesis{harbaoui:tel-02316138,
  TITLE = {{Scheduling of a complex industrial production system : hybrid flow shop with dedicated machines and different time constraints}},
  AUTHOR = {Harbaoui, Houda},
  URL = {https://tel.archives-ouvertes.fr/tel-02316138},
  NUMBER = {2018IMTA0114},
  SCHOOL = {{Ecole nationale sup{\'e}rieure Mines-T{\'e}l{\'e}com Atlantique ; Institut sup{\'e}rieur d'informatique et des techniques de communication (Hammam Sousse, Tunisie)}},
  YEAR = {2018},
  MONTH = Dec,
  KEYWORDS = {Scheduling ; Temporal constraints ; Meta-Heuristic ; Hybrid flow shop ; Mip ; Ordonnancement ; Contraintes temporelles ; M{\'e}ta-Heuristique ; Flow shop hybride ; Mip},
  TYPE = {Theses},
  PDF = {https://tel.archives-ouvertes.fr/tel-02316138/file/2018IMTA0114_Harbaoui-Houda.pdf},
  HAL_ID = {tel-02316138},
  HAL_VERSION = {v1},
}

@article{sokolov:hal-01784137,
  TITLE = {{Optimal Control Algorithms and Their Analysis for Short-Term Scheduling in Manufacturing Systems}},
  AUTHOR = {Sokolov, Boris and Dolgui, Alexandre and Ivanov, Dmitry},
  URL = {https://hal.archives-ouvertes.fr/hal-01784137},
  JOURNAL = {{Algorithms}},
  HAL_LOCAL_REFERENCE = {ACL+},
  PUBLISHER = {{MDPI}},
  VOLUME = {11},
  PAGES = {57},
  YEAR = {2018},
  MONTH = May,
  DOI = {10.3390/a11050057},
  KEYWORDS = {algorithm ; attainable sets ; scheduling ; optimal control ; manufacturing},
  PDF = {https://hal.archives-ouvertes.fr/hal-01784137/file/PUBLISHED%20VERSION%20algorithms-11-00057.pdf},
  HAL_ID = {hal-01784137},
  HAL_VERSION = {v1},
}

@article{tang:hal-01591618,
  TITLE = {{Network design of a multi-period collaborative distribution system}},
  AUTHOR = {Tang, Xin and Lehu{\'e}d{\'e}, Fabien and P{\'e}ton, Olivier},
  URL = {https://hal.archives-ouvertes.fr/hal-01591618},
  JOURNAL = {{International journal of machine learning and cybernetics}},
  PUBLISHER = {{Springer}},
  VOLUME = {10},
  NUMBER = {2},
  PAGES = {279-290},
  YEAR = {2019},
  DOI = {10.1007/s13042-017-0713-5},
  KEYWORDS = {Mixed integer linear programming ; Facility location ; Collaboration ; Distribution},
  HAL_ID = {hal-01591618},
  HAL_VERSION = {v1},
}

@article{pan:hal-02097347,
  TITLE = {{User activity measurement in rating-based online-to-offline (O2O) service recommendation}},
  AUTHOR = {Pan, Yuchen and Wu, Desheng and Luo, Cuicui and Dolgui, Alexandre},
  URL = {https://hal.archives-ouvertes.fr/hal-02097347},
  JOURNAL = {{Information Sciences}},
  PUBLISHER = {{Elsevier}},
  VOLUME = {479},
  PAGES = {180-196},
  YEAR = {2019},
  MONTH = Apr,
  DOI = {10.1016/j.ins.2018.11.009},
  HAL_ID = {hal-02097347},
  HAL_VERSION = {v1},
}

@article{grangier:hal-02277261,
  TITLE = {{The vehicle routing problem with cross-docking and resource constraints}},
  AUTHOR = {Grangier, Philippe and Gendreau, Michel and Lehu{\'e}d{\'e}, Fabien and Rousseau, Louis-Martin},
  URL = {https://hal.archives-ouvertes.fr/hal-02277261},
  JOURNAL = {{Journal of Heuristics}},
  PUBLISHER = {{Springer Verlag}},
  YEAR = {2019},
  MONTH = Aug,
  DOI = {10.1007/s10732-019-09423-y},
  HAL_ID = {hal-02277261},
  HAL_VERSION = {v1},
}

@inproceedings{brahimi:hal-02273360,
  TITLE = {{A literature review of optimization problems for reconfigurable manufacturing systems}},
  AUTHOR = {Brahimi, Nadjib and Dolgui, Alexandre and Gurevsky, Evgeny and Yelles-Chaouche, Abdelkrim R.},
  URL = {https://hal.archives-ouvertes.fr/hal-02273360},
  BOOKTITLE = {{9th IFAC Conference on Manufacturing Modelling, Management and Control (MIM 2019)}},
  ADDRESS = {Berlin, Germany},
  VOLUME = {52},
  NUMBER = {13},
  PAGES = {433--438},
  YEAR = {2019},
  MONTH = Aug,
  HAL_ID = {hal-02273360},
  HAL_VERSION = {v1},
}

@incollection{kouiss:hal-02354412,
  TITLE = {{System Engineering-Based Methodology to Design Reconfigurable Manufacturing Systems}},
  AUTHOR = {KOUISS, K. and Castagna, Pierre and Najid, Najib},
  URL = {https://hal.archives-ouvertes.fr/hal-02354412},
  BOOKTITLE = {{Reconfigurable Manufacturing Systems: From Design to Implementation}},
  PAGES = {29-55},
  YEAR = {2020},
  MONTH = Oct,
  DOI = {10.1007/978-3-030-28782-5\_3},
  HAL_ID = {hal-02354412},
  HAL_VERSION = {v1},
}

@inproceedings{selma:hal-02355041,
  TITLE = {{Heuristics for Robots-Humans Tasks Assignment in a Containers Loading Center}},
  AUTHOR = {SELMA, Cyrine and Thevenin, Simon and MEBARKI, NASSER and CARDIN, Olivier and Tamzalit, Dalila and Thi{\'e}riot, D. and Bruggeman, L.},
  URL = {https://hal-imt-atlantique.archives-ouvertes.fr/hal-02355041},
  BOOKTITLE = {{IMS}},
  ADDRESS = {Oshawa, Canada},
  VOLUME = {52},
  NUMBER = {10},
  PAGES = {13-18},
  YEAR = {2019},
  DOI = {10.1016/j.ifacol.2019.10.011},
  KEYWORDS = {Intelligent manufacturing systems ; Heuristics ; Production control ; Sensitivity analysis ; Operations research},
  PDF = {https://hal-imt-atlantique.archives-ouvertes.fr/hal-02355041/file/Selma2019.pdf},
  HAL_ID = {hal-02355041},
  HAL_VERSION = {v1},
}

@article{eskandarpour:hal-01433630,
  TITLE = {{A large neighborhood search heuristic for supply chain network design}},
  AUTHOR = {Eskandarpour, Majid and P{\'e}ton, Olivier and Dejax, Pierre},
  URL = {https://hal.archives-ouvertes.fr/hal-01433630},
  JOURNAL = {{Computers and Operations Research}},
  HAL_LOCAL_REFERENCE = {ACL+},
  PUBLISHER = {{Elsevier}},
  VOLUME = {80},
  PAGES = {23-37},
  YEAR = {2017},
  MONTH = Apr,
  DOI = {10.1016/j.cor.2016.11.012},
  KEYWORDS = {Supply chain network design ; Facility location ; Large Neighborhood Search},
  HAL_ID = {hal-01433630},
  HAL_VERSION = {v1},
}

@article{song:hal-01687944,
  TITLE = {{Supply chain coordination through integration of innovation effort and advertising support}},
  AUTHOR = {Song, Jian and Li, Feng and Wu, Desheng Dash and Liang, Liang and Dolgui, Alexandre},
  URL = {https://hal.archives-ouvertes.fr/hal-01687944},
  JOURNAL = {{Applied Mathematical Modelling}},
  PUBLISHER = {{Elsevier}},
  VOLUME = {49},
  PAGES = {108 - 123},
  YEAR = {2017},
  MONTH = Sep,
  DOI = {10.1016/j.apm.2017.04.041},
  HAL_ID = {hal-01687944},
  HAL_VERSION = {v1},
}

@article{oprime:hal-01421764,
  TITLE = {{The Double Sampling S2 Chart with Estimated Process Variance}},
  AUTHOR = {Oprime, Pedro and KHOO, Michael B.C. and Castagliola, Philippe},
  URL = {https://hal.archives-ouvertes.fr/hal-01421764},
  JOURNAL = {{Communications in Statistics - Theory and Methods}},
  HAL_LOCAL_REFERENCE = {ACL+},
  VOLUME = {46},
  NUMBER = {7},
  PAGES = {3556-3573},
  YEAR = {2017},
  DOI = {10.1080/03610926.2015.1066814},
  HAL_ID = {hal-01421764},
  HAL_VERSION = {v1},
}

@inproceedings{gandibleux:hal-01435516,
  TITLE = {{Peek -- Shape -- Grab: a methodology in three stages for approximating the non-dominated points of multiobjective discrete combinatorial optimization problems with a multiobjective metaheuristic}},
  AUTHOR = {Gandibleux, Xavier},
  URL = {https://hal.archives-ouvertes.fr/hal-01435516},
  BOOKTITLE = {{EMO'2017: 9th International Conference on Evolutionary Multi-Criterion Optimization}},
  ADDRESS = {M{\"u}nster, Germany},
  SERIES = {Lecture Note in Computer Science},
  PAGES = {15 pages},
  YEAR = {2017},
  KEYWORDS = {multiobjective optimization ; multiobjective metaheuristic ; discrete and combinatorial problems ; algorithmic design methodology},
  HAL_ID = {hal-01435516},
  HAL_VERSION = {v1},
}

@article{you:hal-01614074,
  TITLE = {{Optimal Design of Exponentially Weighted Moving Average (EWMA) Xbar Chart for the Mean with Estimated Process Parameters}},
  AUTHOR = {You, H. and Khoo, Michael B. C. and Lee, M. H. and Castagliola, Philippe and Saha, S.},
  URL = {https://hal.archives-ouvertes.fr/hal-01614074},
  JOURNAL = {{Communications in Statistics - Theory and Methods}},
  HAL_LOCAL_REFERENCE = {ACL+},
  PUBLISHER = {{Taylor \& Francis}},
  VOLUME = {46},
  NUMBER = {22},
  PAGES = {11077 - 11090},
  YEAR = {2017},
  DOI = {10.1080/03610926.2016.1257716},
  HAL_ID = {hal-01614074},
  HAL_VERSION = {v1},
}

@article{rakitzis:hal-01466793,
  TITLE = {{Control Charts for Monitoring Correlated Poisson Counts with an Excessive Number of Zeros}},
  AUTHOR = {Rakitzis, Athanasios and Wei{\ss}, Christian and Castagliola, Philippe},
  URL = {https://hal.archives-ouvertes.fr/hal-01466793},
  JOURNAL = {{Quality and Reliability Engineering International}},
  HAL_LOCAL_REFERENCE = {ACL+},
  PUBLISHER = {{Wiley}},
  VOLUME = {33},
  NUMBER = {2},
  PAGES = {413-430},
  YEAR = {2017},
  DOI = {10.1002/qre.2017},
  HAL_ID = {hal-01466793},
  HAL_VERSION = {v1},
}

@article{teoh:hal-01444219,
  TITLE = {{Optimal Designs of the Variable Sample Size Xbar Chart based on Median Run Length and Expected Median Run Length}},
  AUTHOR = {Teoh, Wei Lin and Chong, J.K. and KHOO, Michael B.C. and Yeong, Wai Chung and Castagliola, Philippe},
  URL = {https://hal.archives-ouvertes.fr/hal-01444219},
  JOURNAL = {{Quality and Reliability Engineering International}},
  HAL_LOCAL_REFERENCE = {ACL+},
  PUBLISHER = {{Wiley}},
  VOLUME = {33},
  NUMBER = {1},
  PAGES = {121-134},
  YEAR = {2017},
  DOI = {10.1002/qre.1994},
  HAL_ID = {hal-01444219},
  HAL_VERSION = {v1},
}

@article{rakitzis:hal-01718089,
  TITLE = {{Cumulative sum control charts for monitoring geometrically inflated Poisson processes: An application to infectious disease counts data}},
  AUTHOR = {Rakitzis, Athanasios and Castagliola, Philippe and Maravelakis, Petros},
  URL = {https://hal.archives-ouvertes.fr/hal-01718089},
  JOURNAL = {{Statistical Methods in Medical Research}},
  HAL_LOCAL_REFERENCE = {ACL+},
  PUBLISHER = {{SAGE Publications}},
  VOLUME = {27},
  NUMBER = {2},
  PAGES = {622 - 641},
  YEAR = {2018},
  DOI = {10.1177/0962280216641985},
  HAL_ID = {hal-01718089},
  HAL_VERSION = {v1},
}

@article{nenes:hal-01425549,
  TITLE = {{Economic and Statistical Design of Vp Control Charts for Finite-Horizon Processes}},
  AUTHOR = {Nenes, George and Castagliola, Philippe and Celano, Giovanni},
  URL = {https://hal.archives-ouvertes.fr/hal-01425549},
  JOURNAL = {{IIE Transactions}},
  HAL_LOCAL_REFERENCE = {ACL+},
  PUBLISHER = {{Taylor \& Francis}},
  VOLUME = {49},
  NUMBER = {1},
  PAGES = {110-125},
  YEAR = {2017},
  DOI = {10.1080/0740817X.2016.1206674},
  HAL_ID = {hal-01425549},
  HAL_VERSION = {v1},
}

@article{indriago:hal-01628882,
  TITLE = {{Performance evaluation of holonic control of a switch arrival system}},
  AUTHOR = {Indriago, Carlos and Cardin, Olivier and Bellenguez-Morineau, Odile and Rakoto, Naly and Castagna, Pierre and Chacon, Edgar},
  URL = {https://hal.archives-ouvertes.fr/hal-01628882},
  JOURNAL = {{Concurrent Engineering: Research and Applications}},
  PUBLISHER = {{SAGE Publications}},
  VOLUME = {25},
  NUMBER = {1},
  PAGES = {19 - 29},
  YEAR = {2017},
  MONTH = Apr,
  DOI = {10.1177/1063293X16643568},
  HAL_ID = {hal-01628882},
  HAL_VERSION = {v1},
}

@article{masson:hal-01068305,
  TITLE = {{Optimization of a city logistics transportation system with mixed passengers and goods}},
  AUTHOR = {Masson, Renaud and Trentini, Anna and Lehu{\'e}d{\'e}, Fabien and Malh{\'e}n{\'e}, Nicolas and P{\'e}ton, Olivier and Tlahig, Houda},
  URL = {https://hal.archives-ouvertes.fr/hal-01068305},
  JOURNAL = {{EURO Journal on Transportation and Logistics}},
  PUBLISHER = {{Springer}},
  VOLUME = {6},
  NUMBER = {1},
  PAGES = {81-109},
  YEAR = {2017},
  MONTH = Apr,
  DOI = {10.1007/s13676-015-0085-5},
  KEYWORDS = {mixed passengers and goods transportation ; mixed passengers and goods transportation. ; Pickup and Delivery Problem with Transfers ; Adaptive Large Neighborhood Search ; City logistics},
  PDF = {https://hal.archives-ouvertes.fr/hal-01068305/file/Rapport_recherche_14-5-AUTO.pdf},
  HAL_ID = {hal-01068305},
  HAL_VERSION = {v1},
}

@inproceedings{lee:hal-01626949,
  TITLE = {{Spatial-temporal  speed  analysis  for  the  estimation  of origin-destination matrix}},
  AUTHOR = {Lee, Ka Yu  and Freche, Jean-Marie and Lehu{\'e}d{\'e}, Fabien and Kuntz, Pascale},
  URL = {https://hal.archives-ouvertes.fr/hal-01626949},
  BOOKTITLE = {{IFORS 2017}},
  ADDRESS = {Qu{\'e}bec, Canada},
  YEAR = {2017},
  MONTH = Jul,
  HAL_ID = {hal-01626949},
  HAL_VERSION = {v1},
}

@article{rakitzis:hal-01659129,
  TITLE = {{Control Charts for Monitoring Correlated Counts with a Finite Range}},
  AUTHOR = {Rakitzis, Athanasios and Wei{\ss}, Christian H. and Castagliola, Philippe},
  URL = {https://hal.archives-ouvertes.fr/hal-01659129},
  JOURNAL = {{Applied Stochastic Models in Business and Industry}},
  HAL_LOCAL_REFERENCE = {ACL+},
  PUBLISHER = {{Wiley}},
  VOLUME = {33},
  NUMBER = {6},
  PAGES = {733-749},
  YEAR = {2017},
  DOI = {10.1002/asmb.2275},
  HAL_ID = {hal-01659129},
  HAL_VERSION = {v1},
}

@inproceedings{bostel:hal-02006289,
  TITLE = {{A memetic algorithm for the Hub Location Routing Problem}},
  AUTHOR = {Bostel, Nathalie and Yang, Xiao and Dejax, Pierre},
  URL = {https://hal.archives-ouvertes.fr/hal-02006289},
  BOOKTITLE = {{ROADEF 2018}},
  ADDRESS = {Lorient, France},
  YEAR = {2018},
  MONTH = Feb,
  PDF = {https://hal.archives-ouvertes.fr/hal-02006289/file/ROADEF2018_paper_034.pdf},
  HAL_ID = {hal-02006289},
  HAL_VERSION = {v1},
}

@inproceedings{dejax:hal-02006293,
  TITLE = {{Un probl{\`e}me riche stochastique de tourn{\'e}es avec inventaires pour la collecte de d{\'e}chets en apport volontaire : mod{\'e}lisation et r{\'e}solution par ALNS}},
  AUTHOR = {Dejax, Pierre and Bostel, Nathalie and Tonneau, Quentin and Yeung, Thomas G.},
  URL = {https://hal.archives-ouvertes.fr/hal-02006293},
  BOOKTITLE = {{ROADEF 2018}},
  ADDRESS = {Lorient, France},
  YEAR = {2018},
  MONTH = Feb,
  KEYWORDS = {stochastic demand ; optimisation ; Wastes collection ; Inventory routing problem},
  PDF = {https://hal.archives-ouvertes.fr/hal-02006293/file/ROADEF2018_paper_134.pdf},
  HAL_ID = {hal-02006293},
  HAL_VERSION = {v1},
}

@inproceedings{gurevsky:hal-01518346,
  TITLE = {{A min-max risk version of some combinatorial optimization problems with controllable data}},
  AUTHOR = {Gurevsky, Evgeny and Kovalev, Sergey and Kovalyov, Mikhail Y.},
  URL = {https://hal.archives-ouvertes.fr/hal-01518346},
  BOOKTITLE = {{Joint EURO/ORSC/ECCO Conference 2017 on Combinatorial Optimization (ECCO XXX -- 2017)}},
  ADDRESS = {Koper, Slovenia},
  YEAR = {2017},
  MONTH = May,
  HAL_ID = {hal-01518346},
  HAL_VERSION = {v1},
}

@article{tang:hal-02145998,
  TITLE = {{Optimal design of the adaptive EWMA chart for the mean based on median run length and expected median run length}},
  AUTHOR = {Tang, Anan and Castagliola, Philippe and Sun, Jinsheng and Hu, XueLong},
  URL = {https://hal.archives-ouvertes.fr/hal-02145998},
  JOURNAL = {{Quality Technology \& Quantitative Management}},
  VOLUME = {16},
  NUMBER = {4},
  PAGES = {439-458},
  YEAR = {2019},
  DOI = {10.1080/16843703.2018.1460908},
  HAL_ID = {hal-02145998},
  HAL_VERSION = {v1},
}

@article{castagliola:hal-02002980,
  TITLE = {{An EWMA-type sign chart with exact run length properties}},
  AUTHOR = {Castagliola, P. and Tran, K.P. and Celano, G. and Rakitzis, A. and Maravelakis, P.},
  URL = {https://hal.archives-ouvertes.fr/hal-02002980},
  JOURNAL = {{Journal of quality technology}},
  HAL_LOCAL_REFERENCE = {ACL+},
  HAL_LOCAL_REFERENCE = {BEST},
  PUBLISHER = {{Asqc American Society for Quality Control}},
  VOLUME = {51},
  NUMBER = {1},
  PAGES = {51-63},
  YEAR = {2019},
  MONTH = Jan,
  HAL_ID = {hal-02002980},
  HAL_VERSION = {v1},
}

@article{qu:hal-01809531,
  TITLE = {{Exponential cumulative sums chart for detecting shifts in time-between-events}},
  AUTHOR = {Qu, Liang and KHOO, Michael B.C. and Castagliola, Philippe and He, Zhen},
  URL = {https://hal.archives-ouvertes.fr/hal-01809531},
  JOURNAL = {{International Journal of Production Research}},
  HAL_LOCAL_REFERENCE = {ACL+},
  PUBLISHER = {{Taylor \& Francis}},
  VOLUME = {56},
  NUMBER = {10},
  PAGES = {3683 - 3698},
  YEAR = {2018},
  DOI = {10.1080/00207543.2017.1412523},
  HAL_ID = {hal-01809531},
  HAL_VERSION = {v1},
}


@inproceedings{delmee:hal-01435524,
  TITLE = {{R{\'e}solution exacte du probl{\`e}me de localisation de services bi-objectif sans contrainte de capacit{\'e} en variables mixtes}},
  AUTHOR = {Delm{\'e}e, Quentin and Gandibleux, Xavier and Przybylski, Anthony},
  URL = {https://hal.archives-ouvertes.fr/hal-01435524},
  BOOKTITLE = {{ROADEF2017 : 18{\`e}me congr{\`e}s annuel de la Soci{\'e}t{\'e} Fran{\c c}aise de Recherche Op{\'e}rationnelle et d'Aide {\`a} la D{\'e}cision}},
  ADDRESS = {Metz, France},
  HAL_LOCAL_REFERENCE = {ACTN},
  YEAR = {2017},
  KEYWORDS = {localisation de services sans contrainte de capacite ; Branch and Bound ; Optimisation bi-objectif en variables mixtes},
  HAL_ID = {hal-01435524},
  HAL_VERSION = {v1},
}

@article{ginerbosch:hal-02283481,
  TITLE = {{An EWMA control chart for the multivariate coefficient of variation}},
  AUTHOR = {Giner-Bosch, Vicent and Tran, Kim Phuc and Castagliola, Philippe and Khoo, Michael Boon Chong},
  URL = {https://hal.archives-ouvertes.fr/hal-02283481},
  JOURNAL = {{Quality and Reliability Engineering International}},
  PUBLISHER = {{Wiley}},
  VOLUME = {35},
  NUMBER = {6},
  PAGES = {1515-1541},
  YEAR = {2019},
  MONTH = May,
  DOI = {10.1002/qre.2459},
  HAL_ID = {hal-02283481},
  HAL_VERSION = {v1},
}

@article{guiras:hal-01961228,
  TITLE = {{Comparative Analysis of Heuristic Algorithms Used for Solving a Production and Maintenance Planning Problem (PMPP)}},
  AUTHOR = {Guiras, Zouhour and Hajej, Zied and Rezg, Nidhal and Dolgui, Alexandre},
  URL = {https://hal.archives-ouvertes.fr/hal-01961228},
  JOURNAL = {{Applied Sciences}},
  PUBLISHER = {{MDPI}},
  VOLUME = {8},
  NUMBER = {7},
  PAGES = {1088},
  YEAR = {2018},
  MONTH = Jul,
  DOI = {10.3390/app8071088},
  HAL_ID = {hal-01961228},
  HAL_VERSION = {v1},
}

@article{maleki:hal-01905445,
  TITLE = {{An overview on recent profile monitoring papers (2008--2018) based on conceptual classification scheme}},
  AUTHOR = {Maleki, Mohammad Reza and Amiri, Amirhossein and Castagliola, Philippe},
  URL = {https://hal.archives-ouvertes.fr/hal-01905445},
  JOURNAL = {{Computers and Industrial Engineering}},
  HAL_LOCAL_REFERENCE = {ACL+},
  PUBLISHER = {{Elsevier}},
  VOLUME = {126},
  PAGES = {705 - 728},
  YEAR = {2018},
  MONTH = Dec,
  DOI = {10.1016/j.cie.2018.10.008},
  HAL_ID = {hal-01905445},
  HAL_VERSION = {v1},
}

@article{tang:hal-02059892,
  TITLE = {{A new nonparametric adaptive EWMA control chart with exact run length properties}},
  AUTHOR = {Tang, Anan and Sun, Jinsheng and Hu, XueLong and Castagliola, Philippe},
  URL = {https://hal.archives-ouvertes.fr/hal-02059892},
  JOURNAL = {{Computers and Industrial Engineering}},
  PUBLISHER = {{Elsevier}},
  VOLUME = {130},
  PAGES = {404-419},
  YEAR = {2019},
  MONTH = Apr,
  DOI = {10.1016/j.cie.2019.02.045},
  HAL_ID = {hal-02059892},
  HAL_VERSION = {v1},
}

@article{khatun:hal-02072237,
  TITLE = {{One-sided control charts for monitoring the multivariate coefficient of variation in short production runs}},
  AUTHOR = {Khatun, Mahfuza and Khoo, Michael BC and Lee, Ming Ha and Castagliola, Philippe},
  URL = {https://hal.archives-ouvertes.fr/hal-02072237},
  JOURNAL = {{Transactions of the Institute of Measurement and Control}},
  PUBLISHER = {{SAGE Publications}},
  VOLUME = {41},
  NUMBER = {6},
  PAGES = {1712-1728},
  YEAR = {2018},
  MONTH = Aug,
  DOI = {10.1177/0142331218789481},
  HAL_ID = {hal-02072237},
  HAL_VERSION = {v1},
}

@article{amdouni:hal-01573597,
  TITLE = {{A Variable Sampling Interval Shewhart Control Chart for Monitoring the Coefficient of Variation in Short Production Runs}},
  AUTHOR = {Amdouni, Asma and Castagliola, Philippe and Taleb, Hassen and Celano, Giovanni},
  URL = {https://hal.archives-ouvertes.fr/hal-01573597},
  JOURNAL = {{International Journal of Production Research}},
  HAL_LOCAL_REFERENCE = {ACL+},
  PUBLISHER = {{Taylor \& Francis}},
  VOLUME = {55},
  NUMBER = {19},
  PAGES = {5521-5536},
  YEAR = {2017},
  DOI = {10.1080/00207543.2017.1285076},
  HAL_ID = {hal-01573597},
  HAL_VERSION = {v1},
}

@article{maravelakis:hal-02022526,
  TITLE = {{Run length properties of run rules EWMA chart using integral equations}},
  AUTHOR = {Maravelakis, Petros and Castagliola, Philippe and Khoo, Michael},
  URL = {https://hal.archives-ouvertes.fr/hal-02022526},
  JOURNAL = {{Quality Technology \& Quantitative Management}},
  VOLUME = {16},
  NUMBER = {2},
  PAGES = {129-139},
  YEAR = {2017},
  MONTH = Oct,
  HAL_ID = {hal-02022526},
  HAL_VERSION = {v1},
}

@inproceedings{gandibleux:hal-01435519,
  TITLE = {{Peek--Shape--Grab pour approcher efficacement Y\_N}},
  AUTHOR = {Gandibleux, Xavier},
  URL = {https://hal.archives-ouvertes.fr/hal-01435519},
  BOOKTITLE = {{ROADEF2017 : 18{\`e}me congr{\`e}s annuel de la Soci{\'e}t{\'e} Fran{\c c}aise de Recherche Op{\'e}rationnelle et d'Aide {\`a} la D{\'e}cision}},
  ADDRESS = {Metz, France},
  HAL_LOCAL_REFERENCE = {ACTN},
  YEAR = {2017},
  KEYWORDS = {optimisation discr{\`e}te multiobjectif ;  m{\'e}taheuristiques multiobjectif},
  HAL_ID = {hal-01435519},
  HAL_VERSION = {v1},
}

@article{khaw:hal-01895172,
  TITLE = {{New adaptive control charts for monitoring the multivariate coefficient of variation}},
  AUTHOR = {Khaw, Khai Wah and KHOO, Michael B.C. and Castagliola, Philippe and Rahim, M.A.},
  URL = {https://hal.archives-ouvertes.fr/hal-01895172},
  JOURNAL = {{Computers and Industrial Engineering}},
  HAL_LOCAL_REFERENCE = {ACL+},
  PUBLISHER = {{Elsevier}},
  VOLUME = {126},
  PAGES = {595 - 610},
  YEAR = {2018},
  MONTH = Dec,
  DOI = {10.1016/j.cie.2018.10.016},
  HAL_ID = {hal-01895172},
  HAL_VERSION = {v1},
}

@article{teoh:hal-01583912,
  TITLE = {{Optimal Designs of the Synthetic t Chart with Estimated Process Mean}},
  AUTHOR = {Teoh, Wei Lin and Chuah, S.K. and KHOO, Michael B.C. and Castagliola, Philippe and Yeong, Wai Chung},
  URL = {https://hal.archives-ouvertes.fr/hal-01583912},
  JOURNAL = {{Computers and Industrial Engineering}},
  HAL_LOCAL_REFERENCE = {ACL+},
  PUBLISHER = {{Elsevier}},
  VOLUME = {112},
  PAGES = {409-425},
  YEAR = {2017},
  DOI = {10.1016/j.cie.2017.08.021},
  HAL_ID = {hal-01583912},
  HAL_VERSION = {v1},
}

@article{maleki:hal-01423386,
  TITLE = {{Measurement Errors in Statistical Process Monitoring: a Literature Review}},
  AUTHOR = {Maleki, Reza and Amiri, Amirhossein and Castagliola, Philippe},
  URL = {https://hal.archives-ouvertes.fr/hal-01423386},
  JOURNAL = {{Computers and Industrial Engineering}},
  HAL_LOCAL_REFERENCE = {ACL+},
  PUBLISHER = {{Elsevier}},
  VOLUME = {103},
  PAGES = {316-329},
  YEAR = {2017},
  DOI = {10.1016/j.cie.2016.10.026},
  HAL_ID = {hal-01423386},
  HAL_VERSION = {v1},
}

@article{gandibleux:hal-01435487,
  TITLE = {{A population-based algorithm for solving linear assignment problems with two objectives}},
  AUTHOR = {Gandibleux, Xavier and Morita, Hiroyuki and Katoh, Naoki},
  URL = {https://hal.archives-ouvertes.fr/hal-01435487},
  JOURNAL = {{Computers and Operations Research}},
  HAL_LOCAL_REFERENCE = {ACL+},
  PUBLISHER = {{Elsevier}},
  VOLUME = {79},
  PAGES = {291-303},
  YEAR = {2017},
  MONTH = Mar,
  DOI = {10.1016/j.cor.2016.07.006},
  KEYWORDS = {Heterogeneous functions ; Metaheuristic ; Linear assignment problem ; Multiobjective optimization},
  HAL_ID = {hal-01435487},
  HAL_VERSION = {v1},
}

@inproceedings{nguyen:hal-02268119,
  TITLE = {{Industrial Internet of Things, Big Data, and Artificial Intelligence in the Smart Factory: a survey and perspective}},
  AUTHOR = {Nguyen, H D and Tran, K P and Zeng, X and Koehl, L. and Castagliola, P. and BRUNIAUX, Pascal},
  URL = {https://hal.archives-ouvertes.fr/hal-02268119},
  BOOKTITLE = {{ISSAT International Conference on Data Science in Business, Finance and Industry}},
  ADDRESS = {Da Nang, Vietnam},
  PAGES = {72-76},
  YEAR = {2019},
  MONTH = Jul,
  KEYWORDS = {Smart Factory ; Keyword: Industrial Internet of Things ; Big Data ; Artifical Intelligence},
  PDF = {https://hal.archives-ouvertes.fr/hal-02268119/file/paper.pdf},
  HAL_ID = {hal-02268119},
  HAL_VERSION = {v1},
}

@article{qu:hal-01895010,
  TITLE = {{A CUSUM chart for detecting the intensity ratio of negative events}},
  AUTHOR = {Qu, Liang and He, Shuguang and Khoo, Michael and Castagliola, Philippe},
  URL = {https://hal.archives-ouvertes.fr/hal-01895010},
  JOURNAL = {{International Journal of Production Research}},
  HAL_LOCAL_REFERENCE = {ACL+},
  PUBLISHER = {{Taylor \& Francis}},
  VOLUME = {56},
  NUMBER = {19},
  PAGES = {6553 - 6567},
  YEAR = {2018},
  MONTH = May,
  DOI = {10.1080/00207543.2017.1398423},
  HAL_ID = {hal-01895010},
  HAL_VERSION = {v1},
}

@article{maleki:hal-01870773,
  TITLE = {{Phase I monitoring and change point estimation of autocorrelated poisson regression profiles}},
  AUTHOR = {Maleki, M. and Amiri, A. and Taheriyoun, A. and Castagliola, P.},
  URL = {https://hal.archives-ouvertes.fr/hal-01870773},
  JOURNAL = {{Communications in Statistics - Theory and Methods}},
  PUBLISHER = {{Taylor \& Francis}},
  VOLUME = {47},
  NUMBER = {24},
  PAGES = {5885 - 5903},
  YEAR = {2018},
  DOI = {10.1080/03610926.2017.1402052},
  HAL_ID = {hal-01870773},
  HAL_VERSION = {v1},
}

@article{saha:hal-01811791,
  TITLE = {{A side-sensitive modified group runs double sampling (SSMGRDS) control chart for detecting mean shifts}},
  AUTHOR = {Saha, Sajal and Khoo, Michael and Lee, Ming Ha and Castagliola, Philippe},
  URL = {https://hal.archives-ouvertes.fr/hal-01811791},
  JOURNAL = {{Communications in Statistics - Simulation and Computation}},
  HAL_LOCAL_REFERENCE = {ACL+},
  PUBLISHER = {{Taylor \& Francis}},
  VOLUME = {47},
  NUMBER = {5},
  PAGES = {1353 - 1369},
  YEAR = {2018},
  DOI = {10.1080/03610918.2017.1311918},
  HAL_ID = {hal-01811791},
  HAL_VERSION = {v1},
}

@article{khoo:hal-02354567,
  TITLE = {{Variable sampling interval exponentially weighted moving average median chart with estimated process parameters}},
  AUTHOR = {KHOO, Michael B.C. and Saha, Sajal and Lee, How Chinh and Castagliola, Philippe},
  URL = {https://hal.archives-ouvertes.fr/hal-02354567},
  JOURNAL = {{Quality and Reliability Engineering International}},
  PUBLISHER = {{Wiley}},
  VOLUME = {35},
  NUMBER = {8},
  PAGES = {2732-2748},
  YEAR = {2019},
  MONTH = Aug,
  DOI = {10.1002/qre.2554},
  HAL_ID = {hal-02354567},
  HAL_VERSION = {v1},
}

@article{haghighi:hal-02183425,
  TITLE = {{Control chart for monitoring the Weibull shape parameter under two competing risks}},
  AUTHOR = {Haghighi, Firoozeh and Castagliola, Philippe},
  URL = {https://hal.archives-ouvertes.fr/hal-02183425},
  JOURNAL = {{Communications in Statistics - Simulation and Computation}},
  PUBLISHER = {{Taylor \& Francis}},
  VOLUME = {48},
  NUMBER = {7},
  PAGES = {2125-2137},
  YEAR = {2019},
  DOI = {10.1080/03610918.2018.1433845},
  HAL_ID = {hal-02183425},
  HAL_VERSION = {v1},
}

@article{maleki:hal-02183432,
  TITLE = {{The effect of parameter estimation on phase II monitoring of poisson regression profiles}},
  AUTHOR = {Maleki, M. and Castagliola, P. and Amiri, A. and Khoo, Michael},
  URL = {https://hal.archives-ouvertes.fr/hal-02183432},
  JOURNAL = {{Communications in Statistics - Simulation and Computation}},
  PUBLISHER = {{Taylor \& Francis}},
  VOLUME = {48},
  NUMBER = {7},
  PAGES = {1964-1978},
  YEAR = {2019},
  DOI = {10.1080/03610918.2018.1429619},
  HAL_ID = {hal-02183432},
  HAL_VERSION = {v1},
}

@article{sabahno:hal-02190729,
  TITLE = {{Optimal performance of the variable sample sizes Hotelling's T 2 control chart in the presence of measurement errors}},
  AUTHOR = {Sabahno, Hamed and Amiri, Amirhossein and Castagliola, Philippe},
  URL = {https://hal.archives-ouvertes.fr/hal-02190729},
  JOURNAL = {{Quality Technology \& Quantitative Management}},
  VOLUME = {16},
  NUMBER = {5},
  PAGES = {588-612},
  YEAR = {2019},
  DOI = {10.1080/16843703.2018.1490474},
  HAL_ID = {hal-02190729},
  HAL_VERSION = {v1},
}

@article{hu:hal-02155302,
  TITLE = {{Conditional design of the EWMA median chart with estimated parameters}},
  AUTHOR = {Hu, XueLong and Castagliola, Philippe and Zhou, Xiaojian and Tang, Anan},
  URL = {https://hal.archives-ouvertes.fr/hal-02155302},
  JOURNAL = {{Communications in Statistics - Theory and Methods}},
  PUBLISHER = {{Taylor \& Francis}},
  VOLUME = {48},
  NUMBER = {8},
  PAGES = {1871-1889},
  YEAR = {2019},
  DOI = {10.1080/03610926.2018.1440310},
  HAL_ID = {hal-02155302},
  HAL_VERSION = {v1},
}

@article{chong:hal-01978750,
  TITLE = {{Hotelling's T 2 control charts with fixed and variable sample sizes for monitoring short production runs}},
  AUTHOR = {Chong, Nger Ling and Khoo, Michael and Haq, Abdul and Castagliola, Philippe},
  URL = {https://hal.archives-ouvertes.fr/hal-01978750},
  JOURNAL = {{Quality and Reliability Engineering International}},
  PUBLISHER = {{Wiley}},
  VOLUME = {35},
  NUMBER = {1},
  PAGES = {14-29},
  YEAR = {2019},
  MONTH = Feb,
  HAL_ID = {hal-01978750},
  HAL_VERSION = {v1},
}

@article{tang:hal-01978754,
  TITLE = {{The performance of the adaptive EWMA median chart in the presence of measurement error}},
  AUTHOR = {Tang, Anan and Castagliola, Philippe and Hu, XueLong and Sun, Jinsheng},
  URL = {https://hal.archives-ouvertes.fr/hal-01978754},
  JOURNAL = {{Quality and Reliability Engineering International}},
  PUBLISHER = {{Wiley}},
  VOLUME = {35},
  NUMBER = {1},
  PAGES = {423-438},
  YEAR = {2019},
  MONTH = Feb,
  HAL_ID = {hal-01978754},
  HAL_VERSION = {v1},
}

@article{celano:hal-01921386,
  TITLE = {{An EWMA sign control chart with varying control limits for finite horizon processes}},
  AUTHOR = {Celano, Giovanni and Castagliola, Philippe},
  URL = {https://hal.archives-ouvertes.fr/hal-01921386},
  JOURNAL = {{Quality and Reliability Engineering International}},
  HAL_LOCAL_REFERENCE = {ACL+},
  PUBLISHER = {{Wiley}},
  VOLUME = {34},
  NUMBER = {8},
  PAGES = {1717 - 1731},
  YEAR = {2018},
  MONTH = Dec,
  DOI = {10.1002/qre.2365},
  HAL_ID = {hal-01921386},
  HAL_VERSION = {v1},
}

@article{sabahno:hal-01921390,
  TITLE = {{Evaluating the effect of measurement errors on the performance of the variable sampling intervals Hotelling's T 2 control charts}},
  AUTHOR = {Sabahno, Hamed and Amiri, Amirhossein and Castagliola, Philippe},
  URL = {https://hal.archives-ouvertes.fr/hal-01921390},
  JOURNAL = {{Quality and Reliability Engineering International}},
  HAL_LOCAL_REFERENCE = {ACL+},
  PUBLISHER = {{Wiley}},
  VOLUME = {34},
  NUMBER = {8},
  PAGES = {1785 - 1799},
  YEAR = {2018},
  MONTH = Dec,
  DOI = {10.1002/qre.2370},
  HAL_ID = {hal-01921390},
  HAL_VERSION = {v1},
}

@article{hu:hal-01835841,
  TITLE = {{Guaranteed in-control performance of the synthetic X¯ chart with estimated parameters}},
  AUTHOR = {Hu, XueLong and Castagliola, Philippe and Ma, YiZhong and Huang, Weidong},
  URL = {https://hal.archives-ouvertes.fr/hal-01835841},
  JOURNAL = {{Quality and Reliability Engineering International}},
  HAL_LOCAL_REFERENCE = {ACL+},
  PUBLISHER = {{Wiley}},
  VOLUME = {34},
  NUMBER = {5},
  PAGES = {759 - 771},
  YEAR = {2018},
  MONTH = Jul,
  DOI = {10.1002/qre.2288},
  HAL_ID = {hal-01835841},
  HAL_VERSION = {v1},
}

@article{tang:hal-01806538,
  TITLE = {{The effect of measurement errors on the adaptive EWMA Xbar chart}},
  AUTHOR = {Tang, Anan and Castagliola, Philippe and Sun, Jinsheng and Hu, XueLong},
  URL = {https://hal.archives-ouvertes.fr/hal-01806538},
  JOURNAL = {{Quality and Reliability Engineering International}},
  HAL_LOCAL_REFERENCE = {ACL+},
  PUBLISHER = {{Wiley}},
  VOLUME = {34},
  NUMBER = {4},
  PAGES = {609 - 630},
  YEAR = {2018},
  MONTH = Jun,
  DOI = {10.1002/qre.2275},
  HAL_ID = {hal-01806538},
  HAL_VERSION = {v1},
}

@article{tran:hal-01668732,
  TITLE = {{On the Performance of Shewhart median Chart in the Presence of Measurement Errors}},
  AUTHOR = {Tran, Kim Phuc and Castagliola, Philippe and Balakrishnan, Narayanaswamy},
  URL = {https://hal.archives-ouvertes.fr/hal-01668732},
  JOURNAL = {{Quality and Reliability Engineering International}},
  HAL_LOCAL_REFERENCE = {ACL+},
  PUBLISHER = {{Wiley}},
  VOLUME = {33},
  NUMBER = {5},
  PAGES = {1019 - 1029},
  YEAR = {2017},
  MONTH = Jul,
  DOI = {10.1002/qre.2087},
  HAL_ID = {hal-01668732},
  HAL_VERSION = {v1},
}

@article{rahali:hal-02135093,
  TITLE = {{Evaluation of Shewhart time-between-events-and-amplitude control charts for several distributions}},
  AUTHOR = {Rahali, Dorra and Castagliola, Philippe and Taleb, Hassen and Khoo, Michael},
  URL = {https://hal.archives-ouvertes.fr/hal-02135093},
  JOURNAL = {{Quality Engineering}},
  PUBLISHER = {{Taylor \& Francis}},
  VOLUME = {31},
  NUMBER = {2},
  PAGES = {240-254},
  YEAR = {2019},
  DOI = {10.1080/08982112.2018.1479036},
  HAL_ID = {hal-02135093},
  HAL_VERSION = {v1},
}

@article{chong:hal-01978769,
  TITLE = {{Optimal design of the side-sensitive modified group runs (SSMGR) Xbar chart when process parameters are estimated}},
  AUTHOR = {Chong, Zhi Lin and KHOO, Michael B.C. and Teoh, Wei Lin and You, Huay Woon and Castagliola, Philippe},
  URL = {https://hal.archives-ouvertes.fr/hal-01978769},
  JOURNAL = {{Quality and Reliability Engineering International}},
  PUBLISHER = {{Wiley}},
  VOLUME = {35},
  NUMBER = {1},
  PAGES = {246-262},
  YEAR = {2019},
  MONTH = Feb,
  HAL_ID = {hal-01978769},
  HAL_VERSION = {v1},
}

@article{tang:hal-01668940,
  TITLE = {{An adaptive exponentially weighted moving average chart for the mean with variable sampling intervals}},
  AUTHOR = {Tang, Anan and Castagliola, Philippe and Sun, Jinsheng and Hu, XueLong},
  URL = {https://hal.archives-ouvertes.fr/hal-01668940},
  JOURNAL = {{Quality and Reliability Engineering International}},
  HAL_LOCAL_REFERENCE = {ACL+},
  PUBLISHER = {{Wiley}},
  VOLUME = {33},
  NUMBER = {8},
  PAGES = {2023 - 2034},
  YEAR = {2017},
  MONTH = Dec,
  DOI = {10.1002/qre.2164},
  HAL_ID = {hal-01668940},
  HAL_VERSION = {v1},
}

@article{hu:hal-01668745,
  TITLE = {{Guaranteed conditional design of the median chart with estimated parameters}},
  AUTHOR = {Hu, XueLong and Castagliola, Philippe},
  URL = {https://hal.archives-ouvertes.fr/hal-01668745},
  JOURNAL = {{Quality and Reliability Engineering International}},
  HAL_LOCAL_REFERENCE = {ACL+},
  PUBLISHER = {{Wiley}},
  VOLUME = {33},
  NUMBER = {8},
  PAGES = {1873 - 1884},
  YEAR = {2017},
  DOI = {10.1002/qre.2152},
  HAL_ID = {hal-01668745},
  HAL_VERSION = {v1},
}

@article{yeong:hal-01716541,
  TITLE = {{Monitoring the coefficient of variation using a variable parameters chart}},
  AUTHOR = {Yeong, Wai Chung and Lim, Sok Li and Khoo, Michael Boon Chong and Castagliola, Philippe},
  URL = {https://hal.archives-ouvertes.fr/hal-01716541},
  JOURNAL = {{Quality Engineering}},
  HAL_LOCAL_REFERENCE = {ACL+},
  PUBLISHER = {{Taylor \& Francis}},
  VOLUME = {30},
  NUMBER = {2},
  PAGES = {212-235},
  YEAR = {2018},
  DOI = {10.1080/08982112.2017.1310230},
  HAL_ID = {hal-01716541},
  HAL_VERSION = {v1},
}

@article{celano:hal-01921379,
  TITLE = {{The Shewhart F control chart for monitoring processes with finite number of inspections}},
  AUTHOR = {Celano, Giovanni and Castagliola, Philippe},
  URL = {https://hal.archives-ouvertes.fr/hal-01921379},
  JOURNAL = {{Quality and Reliability Engineering International}},
  HAL_LOCAL_REFERENCE = {ACL+},
  PUBLISHER = {{Wiley}},
  VOLUME = {34},
  NUMBER = {8},
  PAGES = {1685 - 1698},
  YEAR = {2018},
  MONTH = Dec,
  DOI = {10.1002/qre.2355},
  HAL_ID = {hal-01921379},
  HAL_VERSION = {v1},
}

@inproceedings{garzavenegas:hal-02268591,
  TITLE = {{Performance of Self-Starting Control Charts for Autocorrelated Data}},
  AUTHOR = {Garza-Venegas, J. and Tercero-G{\'o}mez, G. and Barraza-Barraza, Diana and Castagliola, Philippe},
  URL = {https://hal.archives-ouvertes.fr/hal-02268591},
  BOOKTITLE = {{IISE Annual Conference}},
  ADDRESS = {Orlando, United States},
  PAGES = {1043-1048},
  YEAR = {2018},
  MONTH = Aug,
  HAL_ID = {hal-02268591},
  HAL_VERSION = {v1},
}

@article{castagliola:hal-02190734,
  TITLE = {{THE CUSUM MEDIAN CHART FOR KNOWN ANDESTIMATED PARAMETERS}},
  AUTHOR = {Castagliola, Philippe and Figueiredo, Fernanda Otilia and Maravelakis, Petros},
  URL = {https://hal.archives-ouvertes.fr/hal-02190734},
  JOURNAL = {{REVSTAT - Statistical Journal}},
  PUBLISHER = {{Instituto Nacional de Estatistica}},
  VOLUME = {17},
  NUMBER = {3},
  PAGES = {345-370},
  YEAR = {2019},
  MONTH = Jul,
  KEYWORDS = {average run length ; CUSUM chart ; estimated parameters ; median ; order statistics.},
  HAL_ID = {hal-02190734},
  HAL_VERSION = {v1},
}

@article{zaidi:hal-02273060,
  TITLE = {{Performance of the hotelling T 2 control chart for compositional data in the presence of measurement errors}},
  AUTHOR = {Zaidi, F. and Castagliola, P. and Tran, P. and Khoo, M.},
  URL = {https://hal.archives-ouvertes.fr/hal-02273060},
  JOURNAL = {{Journal of Applied Statistics}},
  PUBLISHER = {{Taylor \& Francis (Routledge)}},
  VOLUME = {46},
  NUMBER = {14},
  PAGES = {2583-2602},
  YEAR = {2019},
  MONTH = Apr,
  DOI = {10.1080/02664763.2019.1605339},
  HAL_ID = {hal-02273060},
  HAL_VERSION = {v1},
}

@article{hu:hal-02318364,
  TITLE = {{A re-evaluation of the run rules xbar chart when the process parameters are unknown}},
  AUTHOR = {Hu, XueLong and Castagliola, Philippe},
  URL = {https://hal.archives-ouvertes.fr/hal-02318364},
  JOURNAL = {{Quality Technology \& Quantitative Management}},
  VOLUME = {16},
  NUMBER = {6},
  PAGES = {696-725},
  YEAR = {2019},
  DOI = {10.1080/16843703.2018.1513826},
  HAL_ID = {hal-02318364},
  HAL_VERSION = {v1},
}

@article{sabahno:hal-01977765,
  TITLE = {{Performance of the Variable Parameters X Control Chart in Presence of Measurement Errors}},
  AUTHOR = {Sabahno, Hamed and Amiri, Amirhossein and Castagliola, Philippe},
  URL = {https://hal.archives-ouvertes.fr/hal-01977765},
  JOURNAL = {{Journal of Testing and Evaluation}},
  PUBLISHER = {{ASTM International}},
  VOLUME = {47},
  NUMBER = {1},
  PAGES = {480-497},
  YEAR = {2019},
  HAL_ID = {hal-01977765},
  HAL_VERSION = {v1},
}

@incollection{najid:hal-02354564,
  TITLE = {{Dantzig-Wolfe Decomposition and Lagrangean Relaxation-Based Heuristics for an Integrated Production and Maintenance Planning with Time Windows}},
  AUTHOR = {Najid, Najib Mohamed and Alaoui-Selsouli, Marouane and Mohafid, Abdemoula},
  URL = {https://hal.archives-ouvertes.fr/hal-02354564},
  BOOKTITLE = {{Handbook of Research on Modern Optimization Algorithms and Applications in Engineering and Economics}},
  PAGES = {601-629},
  YEAR = {2017},
  DOI = {10.4018/978-1-4666-9644-0.ch023},
  HAL_ID = {hal-02354564},
  HAL_VERSION = {v1},
}

@article{wang:hal-02062182,
  TITLE = {{The Complexity of Parallel Machine Scheduling of Unit-Processing-Time Jobs under Level-Order Precedence Constraints}},
  AUTHOR = {Wang, Tianyu and Bellenguez-Morineau, Odile},
  URL = {https://hal.archives-ouvertes.fr/hal-02062182},
  JOURNAL = {{Journal of Scheduling}},
  PUBLISHER = {{Springer Verlag}},
  YEAR = {2019},
  MONTH = Feb,
  DOI = {10.1007/s10951-018-0596-7},
  HAL_ID = {hal-02062182},
  HAL_VERSION = {v1},
}

@article{lepore:hal-01697729,
  TITLE = {{A Note on Decision Making Method for Product Acceptance Based on Process Capability Indices Cpk and Cpmk}},
  AUTHOR = {Lepore, A. and Palumbo, B. and Castagliola, Philippe},
  URL = {https://hal.archives-ouvertes.fr/hal-01697729},
  JOURNAL = {{European Journal of Operational Research}},
  HAL_LOCAL_REFERENCE = {ACL+},
  PUBLISHER = {{Elsevier}},
  VOLUME = {267},
  NUMBER = {1},
  PAGES = {393 - 398},
  YEAR = {2018},
  MONTH = May,
  DOI = {10.1016/j.ejor.2017.12.032},
  HAL_ID = {hal-01697729},
  HAL_VERSION = {v1},
}

@article{przybylski:hal-01717951,
  TITLE = {{Multi-objective branch and bound}},
  AUTHOR = {Przybylski, Anthony and Gandibleux, Xavier},
  URL = {https://hal.archives-ouvertes.fr/hal-01717951},
  JOURNAL = {{European Journal of Operational Research}},
  HAL_LOCAL_REFERENCE = {ACL+},
  PUBLISHER = {{Elsevier}},
  VOLUME = {260},
  NUMBER = {3},
  PAGES = {856 - 872},
  YEAR = {2017},
  MONTH = Aug,
  DOI = {10.1016/j.ejor.2017.01.032},
  HAL_ID = {hal-01717951},
  HAL_VERSION = {v1},
}

@article{garzavenegas:hal-01824643,
  TITLE = {{Effect of autocorrelation estimators on the performance of the X̄ control chart}},
  AUTHOR = {Garza-Venegas, J. and Tercero-G{\'o}mez, G. and Lee Ho, L. and Castagliola, P. and Celano, G.},
  URL = {https://hal.archives-ouvertes.fr/hal-01824643},
  JOURNAL = {{Journal of Statistical Computation and Simulation}},
  HAL_LOCAL_REFERENCE = {ACL+},
  PUBLISHER = {{Taylor \& Francis}},
  VOLUME = {88},
  NUMBER = {13},
  PAGES = {2612 - 2630},
  YEAR = {2018},
  MONTH = May,
  DOI = {10.1080/00949655.2018.1479752},
  HAL_ID = {hal-01824643},
  HAL_VERSION = {v1},
}

@article{tang:hal-02015138,
  TITLE = {{The adaptive EWMA median chart for known and estimated parameters}},
  AUTHOR = {Tang, Anan and Castagliola, Philippe and Hu, XueLong and Sun, Jinsheng},
  URL = {https://hal.archives-ouvertes.fr/hal-02015138},
  JOURNAL = {{Journal of Statistical Computation and Simulation}},
  PUBLISHER = {{Taylor \& Francis}},
  VOLUME = {89},
  NUMBER = {5},
  PAGES = {844-863},
  YEAR = {2019},
  MONTH = Jan,
  HAL_ID = {hal-02015138},
  HAL_VERSION = {v1},
}

@phdthesis{wang:tel-02101466,
  TITLE = {{Parallel machine scheduling with precedence constraints}},
  AUTHOR = {Wang, Tianyu},
  URL = {https://tel.archives-ouvertes.fr/tel-02101466},
  NUMBER = {2018ECDN0025},
  SCHOOL = {{{\'E}cole centrale de Nantes}},
  YEAR = {2018},
  MONTH = Oct,
  KEYWORDS = {Scheduling ; Complexity ; Precedence constraints ; Ordonnancement ; Complexit{\'e} ; Contraintes de pr{\'e}c{\'e}dence},
  TYPE = {Theses},
  PDF = {https://tel.archives-ouvertes.fr/tel-02101466/file/T_WANG.pdf},
  HAL_ID = {tel-02101466},
  HAL_VERSION = {v1},
}

@article{hu:hal-02160997,
  TITLE = {{Conditional design of the CUSUM median chart for the process position when process parameters are unknown}},
  AUTHOR = {Hu, X. and Castagliola, P. and Tang, A.},
  URL = {https://hal.archives-ouvertes.fr/hal-02160997},
  JOURNAL = {{Journal of Statistical Computation and Simulation}},
  PUBLISHER = {{Taylor \& Francis}},
  VOLUME = {89},
  NUMBER = {13},
  PAGES = {2468-2488},
  YEAR = {2019},
  DOI = {10.1080/00949655.2019.1622703},
  HAL_ID = {hal-02160997},
  HAL_VERSION = {v1},
}

@article{alevizakos:hal-02168627,
  TITLE = {{Process capability index for Poisson regression profile based on the S pmk index}},
  AUTHOR = {Alevizakos, Vasileios and Koukouvinos, Christos and Castagliola, Philippe},
  URL = {https://hal.archives-ouvertes.fr/hal-02168627},
  JOURNAL = {{Quality Engineering}},
  PUBLISHER = {{Taylor \& Francis}},
  VOLUME = {31},
  NUMBER = {3},
  PAGES = {430-438},
  YEAR = {2019},
  DOI = {10.1080/08982112.2018.1523426},
  HAL_ID = {hal-02168627},
  HAL_VERSION = {v1},
}

@article{bersimis:hal-01676808,
  TITLE = {{Controlling Bivariate Categorical Processes using Scan Rules}},
  AUTHOR = {Bersimis, Sotirios and Sachlas, Athanasios and Castagliola, Philippe},
  URL = {https://hal.archives-ouvertes.fr/hal-01676808},
  JOURNAL = {{Methodology and Computing in Applied Probability}},
  HAL_LOCAL_REFERENCE = {ACL+},
  PUBLISHER = {{Springer Verlag}},
  VOLUME = {19},
  NUMBER = {4},
  PAGES = {1135--1149},
  YEAR = {2017},
  DOI = {10.1007/s11009-016-9508-5},
  HAL_ID = {hal-01676808},
  HAL_VERSION = {v1},
}

@article{bentaha:hal-02059551,
  TITLE = {{Profit-oriented partial disassembly line design: dealing with hazardous parts and task processing times uncertainty}},
  AUTHOR = {Bentaha , Mohand Lounes  and Dolgui, Alexandre and Batta{\"i}a, Olga and Riggs, Robert and Hu, Jack},
  URL = {https://hal.archives-ouvertes.fr/hal-02059551},
  JOURNAL = {{International Journal of Production Research}},
  PUBLISHER = {{Taylor \& Francis}},
  SERIES = {Design for manufacturing and assembly/disassembly: Joint design of products and production systems},
  VOLUME = {56},
  NUMBER = {24},
  PAGES = {7220-7242},
  YEAR = {2018},
  DOI = {10.1080/00207543.2017.1418987},
  KEYWORDS = {disassembly ; sample average approximation ; Monte Carlo sampling ; line design and balancing ; product recovery ; uncertainty ; L-shaped algorithm},
  PDF = {https://hal.archives-ouvertes.fr/hal-02059551/file/Bentaha_version%20Web.pdf},
  HAL_ID = {hal-02059551},
  HAL_VERSION = {v1},
}

@inproceedings{vercraene:hal-02285166,
  TITLE = {{The Dial-a-ride problem with school bell adjustment}},
  AUTHOR = {Vercraene, Samuel Vercraene and Lehu{\'e}d{\'e}, Fabien and Monteiro, Thibaud and P{\'e}ton, Olivier},
  URL = {https://hal.archives-ouvertes.fr/hal-02285166},
  BOOKTITLE = {{SynchroTrans 2019}},
  ADDRESS = {Nantes, France},
  YEAR = {2019},
  MONTH = Sep,
  HAL_ID = {hal-02285166},
  HAL_VERSION = {v1},
}

@inproceedings{tellez:hal-01760353,
  TITLE = {{Dial-a-ride problem for disabled people using vehicles with reconfigurable capacity}},
  AUTHOR = {Tellez, Oscar and Vercraene, Samuel Vercraene and Lehu{\'e}d{\'e}, Fabien and P{\'e}ton, Olivier and Monteiro, Thibaud},
  URL = {https://hal.archives-ouvertes.fr/hal-01760353},
  BOOKTITLE = {{20th IFAC World Congress of the International Federation of Automatic Control (IFAC 2017)}},
  ADDRESS = {Toulouse, France},
  YEAR = {2017},
  MONTH = Jul,
  KEYWORDS = {Transportation logistics ; optimization ; dial-a-ride problem ; large neighborhood search meta heuristic ; set covering problem},
  PDF = {https://hal.archives-ouvertes.fr/hal-01760353/file/ifacTechReport.pdf},
  HAL_ID = {hal-01760353},
  HAL_VERSION = {v1},
}

@inproceedings{tellez:hal-01882752,
  TITLE = {{{\'E}tude pour l'analyse et l'optimisation du transport des personnes en situation de handicap}},
  AUTHOR = {Tellez, Oscar and Daguet, Laurent and Lehu{\'e}d{\'e}, Fabien and Monteiro, Thibaud and Osorio Montoya, Geovanny and P{\'e}ton, Olivier and Vercraene, Samuel},
  URL = {https://hal.archives-ouvertes.fr/hal-01882752},
  BOOKTITLE = {{9{\`e}me Conf{\'e}rence francophone en Gestion et Ing{\'e}nierie de Syst{\`e}mEs Hospitaliers (GISEH 2018)}},
  ADDRESS = {Geneve, Switzerland},
  YEAR = {2018},
  MONTH = Aug,
  PDF = {https://hal.archives-ouvertes.fr/hal-01882752/file/GISEH_2018_paper_56.pdf},
  HAL_ID = {hal-01882752},
  HAL_VERSION = {v1},
}

@inproceedings{tellez:hal-01986181,
  TITLE = {{Consistent Dial-a-Ride Problem}},
  AUTHOR = {Tellez, Oscar and Vercraene, Samuel Vercraene and Lehu{\'e}d{\'e}, Fabien and P{\'e}ton, Olivier and Monteiro, Thibaud},
  URL = {https://hal.archives-ouvertes.fr/hal-01986181},
  BOOKTITLE = {{60th Annual Conference Canadian Operational Research Society (CORS 2018)}},
  ADDRESS = {Halifax, Canada},
  YEAR = {2018},
  MONTH = Jun,
  HAL_ID = {hal-01986181},
  HAL_VERSION = {v1},
}

@article{tellez:hal-01768291,
  TITLE = {{The fleet size and mix dial-a-ride problem with reconfigurable vehicle capacity}},
  AUTHOR = {Tellez, Oscar and Vercraene, Samuel Vercraene and Lehu{\'e}d{\'e}, Fabien and P{\'e}ton, Olivier and Monteiro, Thibaud},
  URL = {https://hal.archives-ouvertes.fr/hal-01768291},
  JOURNAL = {{Transportation research. Part C, Emerging technologies}},
  HAL_LOCAL_REFERENCE = {ACL+},
  HAL_LOCAL_REFERENCE = {BEST},
  PUBLISHER = {{Elsevier}},
  VOLUME = {91},
  PAGES = {99-123},
  YEAR = {2018},
  MONTH = Jun,
  DOI = {10.1016/j.trc.2018.03.020},
  KEYWORDS = {Dial-a-ride problem ; Large neighborhood search ; Heterogeneous fleet ; Reconfigurable vehicles ; Fleet size and mix problem ; Set-covering ; Feasibility check},
  HAL_ID = {hal-01768291},
  HAL_VERSION = {v1},
}

@article{briand:hal-01880135,
  TITLE = {{Energy-efficient planning for supplying assembly lines with vehicles}},
  AUTHOR = {Briand, Cyril and He, Yun and Ngueveu, Sandra Ulrich},
  URL = {https://hal.laas.fr/hal-01880135},
  JOURNAL = {{EURO Journal on Transportation and Logistics}},
  HAL_LOCAL_REFERENCE = {Rapport LAAS n{\textdegree} 18264},
  PUBLISHER = {{Springer}},
  VOLUME = {7},
  NUMBER = {4},
  PAGES = {387-414},
  YEAR = {2018},
  MONTH = Dec,
  DOI = {10.1007/s13676-018-0129-8},
  HAL_ID = {hal-01880135},
  HAL_VERSION = {v1},
}

@article{mogale:hal-01687947,
  TITLE = {{A multi-period inventory transportation model for tactical planning of food grain supply chain}},
  AUTHOR = {Mogale, D.G. and Dolgui, Alexandre and Kandhway, Rishabh and Kumar, Sri Krishna and Tiwari, Manoj Kumar},
  URL = {https://hal.archives-ouvertes.fr/hal-01687947},
  JOURNAL = {{Computers and Industrial Engineering}},
  HAL_LOCAL_REFERENCE = {ACL+},
  PUBLISHER = {{Elsevier}},
  VOLUME = {110},
  PAGES = {379 - 394},
  YEAR = {2017},
  MONTH = Aug,
  DOI = {10.1016/j.cie.2017.06.008},
  HAL_ID = {hal-01687947},
  HAL_VERSION = {v1},
}

@article{wu:hal-01687956,
  TITLE = {{Artificial intelligence in engineering risk analytics}},
  AUTHOR = {Wu, Desheng and Olson, David L. and Dolgui, Alexandre},
  URL = {https://hal.archives-ouvertes.fr/hal-01687956},
  JOURNAL = {{Engineering Applications of Artificial Intelligence}},
  HAL_LOCAL_REFERENCE = {ACL+},
  PUBLISHER = {{Elsevier}},
  VOLUME = {65},
  PAGES = {433 - 435},
  YEAR = {2017},
  MONTH = Oct,
  DOI = {10.1016/j.engappai.2017.09.001},
  HAL_ID = {hal-01687956},
  HAL_VERSION = {v1},
}

@inproceedings{ivanov:hal-01687963,
  TITLE = {{Optimal control representation of the mathematical programming model for supply chain dynamic reconfiguration}},
  AUTHOR = {Ivanov, Dmitry and Dolgui, Alexandre and Sokolov, Boris and Ivanova, Marina},
  URL = {https://hal.archives-ouvertes.fr/hal-01687963},
  BOOKTITLE = {{IFAC World Congress}},
  ADDRESS = {Toulouse, France},
  PUBLISHER = {{Elsevier, ISSN 2405-8963}},
  VOLUME = {IFAC-PapersOnLine, 50},
  NUMBER = {1},
  PAGES = {4994 - 4999},
  YEAR = {2017},
  MONTH = Jul,
  DOI = {10.1016/j.ifacol.2017.08.900},
  KEYWORDS = {control ; supply chain ; mathematical programming ; dynamics},
  HAL_ID = {hal-01687963},
  HAL_VERSION = {v1},
}

@article{diabat:hal-02437934,
  TITLE = {{Three parallel task assignment problems with shared resources}},
  AUTHOR = {Diabat, Ali and Dolgui, Alexandre and Janiak, Wladyslaw and Kovalyov, Mikhail},
  URL = {https://hal.archives-ouvertes.fr/hal-02437934},
  JOURNAL = {{IISE Transactions}},
  PUBLISHER = {{Taylor \& Francis}},
  VOLUME = {52},
  NUMBER = {4},
  PAGES = {478-485},
  YEAR = {2020},
  MONTH = Apr,
  DOI = {10.1080/24725854.2019.1680907},
  HAL_ID = {hal-02437934},
  HAL_VERSION = {v1},
}

@article{slama:hal-02435983,
  TITLE = {{Disassembly scheduling problem: literature review and future research directions}},
  AUTHOR = {Slama, Ilhem  and Ben-Ammar, Oussama and Masmoudi, Faouzi and Dolgui, Alexandre},
  URL = {https://hal.archives-ouvertes.fr/hal-02435983},
  JOURNAL = {{IFAC-PapersOnLine}},
  PUBLISHER = {{Elsevier}},
  VOLUME = {52},
  NUMBER = {13},
  PAGES = {601-606},
  YEAR = {2019},
  DOI = {10.1016/j.ifacol.2019.11.225},
  HAL_ID = {hal-02435983},
  HAL_VERSION = {v1},
}

@article{slama:hal-02435984,
  TITLE = {{Scenario-based stochastic linear programming model for multi-period disassembly lot-sizing problems under random lead time}},
  AUTHOR = {Slama, Ilhem  and Ben-Ammar, Oussama and Masmoudi, Faouzi and Dolgui, Alexandre},
  URL = {https://hal.archives-ouvertes.fr/hal-02435984},
  JOURNAL = {{IFAC-PapersOnLine}},
  PUBLISHER = {{Elsevier}},
  VOLUME = {52},
  NUMBER = {13},
  PAGES = {595-600},
  YEAR = {2019},
  DOI = {10.1016/j.ifacol.2019.11.224},
  HAL_ID = {hal-02435984},
  HAL_VERSION = {v1},
}

@article{benammar:hal-02435985,
  TITLE = {{Mathematical model for dynamic suppliers' selection strategy in multi-period supply planning with lead-times uncertainty}},
  AUTHOR = {Ben-Ammar, Oussama and Bettayeb, Belgacem and Dolgui, Alexandre},
  URL = {https://hal.archives-ouvertes.fr/hal-02435985},
  JOURNAL = {{IFAC-PapersOnLine}},
  PUBLISHER = {{Elsevier}},
  VOLUME = {52},
  NUMBER = {13},
  PAGES = {1040-1044},
  YEAR = {2019},
  DOI = {10.1016/j.ifacol.2019.11.332},
  HAL_ID = {hal-02435985},
  HAL_VERSION = {v1},
}

@article{benammar:hal-02415341,
  TITLE = {{Integrated production planning and quality control for linear production systems under uncertainties of cycle time and finished product quality}},
  AUTHOR = {Ben-Ammar, Oussama and Bettayeb, Belgacem and Dolgui, Alexandre},
  URL = {https://hal-imt-atlantique.archives-ouvertes.fr/hal-02415341},
  JOURNAL = {{International Journal of Production Research}},
  PUBLISHER = {{Taylor \& Francis}},
  PAGES = {1-17},
  YEAR = {2019},
  MONTH = May,
  DOI = {10.1080/00207543.2019.1613580},
  HAL_ID = {hal-02415341},
  HAL_VERSION = {v1},
}

@article{dolgui:hal-02435975,
  TITLE = {{Workforce planning and assignment in mixed-model assembly lines as a factor of line reconfigurability: state of the art}},
  AUTHOR = {Dolgui, Alexandre and Hashemi-Petroodi, S. Ehsan and Kovalev, Sergey and Kovalyov, Mikhail Y. and Thevenin, Simon},
  URL = {https://hal.archives-ouvertes.fr/hal-02435975},
  JOURNAL = {{IFAC-PapersOnLine}},
  PUBLISHER = {{Elsevier}},
  VOLUME = {52},
  NUMBER = {13},
  PAGES = {2746-2751},
  YEAR = {2019},
  DOI = {10.1016/j.ifacol.2019.11.623},
  HAL_ID = {hal-02435975},
  HAL_VERSION = {v1},
}

@article{ivanov:hal-02435980,
  TITLE = {{Intellectualization of control: cyber-physical supply chain risk analytics}},
  AUTHOR = {Ivanov, Dmitry and Dolgui, Alexandre and Sokolov, Boris and Ivanova, Marina},
  URL = {https://hal.archives-ouvertes.fr/hal-02435980},
  JOURNAL = {{IFAC-PapersOnLine}},
  PUBLISHER = {{Elsevier}},
  VOLUME = {52},
  NUMBER = {13},
  PAGES = {355-360},
  YEAR = {2019},
  DOI = {10.1016/j.ifacol.2019.11.146},
  HAL_ID = {hal-02435980},
  HAL_VERSION = {v1},
}

@proceedings{ivanov:hal-02435954,
  TITLE = {{9th IFAC Conference on Manufacturing Modelling, Management and Control}},
  AUTHOR = {Ivanov, Dmitry and Dolgui, Alexandre and Yalaoui, Farouk},
  URL = {https://hal.archives-ouvertes.fr/hal-02435954},
  ADDRESS = {Berlin, Germany},
  PUBLISHER = {{Elsevier}},
  VOLUME = {52},
  NUMBER = {13},
  PAGES = {2838},
  YEAR = {2019},
  MONTH = Dec,
  HAL_ID = {hal-02435954},
  HAL_VERSION = {v1},
}

@book{ivanov:hal-02435956,
  TITLE = {{Handbook of Ripple Effects in the Supply Chain}},
  AUTHOR = {Ivanov, Dmitry and Dolgui, Alexandre and Sokolov, Boris},
  URL = {https://hal.archives-ouvertes.fr/hal-02435956},
  PUBLISHER = {{Springer}},
  PAGES = {332},
  YEAR = {2019},
  MONTH = Jan,
  DOI = {10.1007/978-3-030-14302-2},
  HAL_ID = {hal-02435956},
  HAL_VERSION = {v1},
}

@article{dolgui:hal-02435977,
  TITLE = {{Can a Branch and Bound algorithm solve all instances of SALBP-1 efficiently?}},
  AUTHOR = {Dolgui, Alexandre and Gafarov, Evgeny A},
  URL = {https://hal.archives-ouvertes.fr/hal-02435977},
  JOURNAL = {{IFAC-PapersOnLine}},
  PUBLISHER = {{Elsevier}},
  VOLUME = {52},
  NUMBER = {13},
  PAGES = {2788--2791},
  YEAR = {2019},
  DOI = {10.1016/j.ifacol.2019.11.630},
  HAL_ID = {hal-02435977},
  HAL_VERSION = {v1},
}

@incollection{ivanov:hal-02435957,
  TITLE = {{Ripple Effect in the Supply Chain: Definitions, Frameworks and Future Research Perspectives}},
  AUTHOR = {Ivanov, Dmitry and Dolgui, Alexandre and Sokolov, Boris},
  URL = {https://hal.archives-ouvertes.fr/hal-02435957},
  BOOKTITLE = {{Handbook of Ripple Effects in the Supply Chain}},
  PUBLISHER = {{Springer}},
  PAGES = {1-34},
  YEAR = {2019},
  MONTH = Jan,
  HAL_ID = {hal-02435957},
  HAL_VERSION = {v1},
}

@article{ivanov:hal-02435974,
  TITLE = {{New disruption risk management perspectives in supply chains: digital twins, the ripple effect, and resileanness}},
  AUTHOR = {Ivanov, Dmitry and Dolgui, Alexandre},
  URL = {https://hal.archives-ouvertes.fr/hal-02435974},
  JOURNAL = {{IFAC-PapersOnLine}},
  PUBLISHER = {{Elsevier}},
  VOLUME = {52},
  NUMBER = {13},
  PAGES = {337-342},
  YEAR = {2019},
  DOI = {10.1016/j.ifacol.2019.11.138},
  HAL_ID = {hal-02435974},
  HAL_VERSION = {v1},
}

@misc{dolgui:hal-02435966,
  TITLE = {{Presentation of the International Journal of Production Research: Editor in Chief forum. The 9th Triennial IFAC Conference on Manufacturing Modelling, Management and Control (MIM 2019), Berlin, Germany, August 28 to 30}},
  AUTHOR = {Dolgui, Alexandre},
  URL = {https://hal.archives-ouvertes.fr/hal-02435966},
  NOTE = {invited plenary talk},
  YEAR = {2019},
  MONTH = Aug,
  HAL_ID = {hal-02435966},
  HAL_VERSION = {v1},
}

@inproceedings{battaia:hal-02435988,
  TITLE = {{MIP Models for optimal batch machining at flow lines with reconfigurable stationary machines}},
  AUTHOR = {Batta{\"i}a, Olga and Dolgui, Alexandre and Guschinsky, Nikolai},
  URL = {https://hal.archives-ouvertes.fr/hal-02435988},
  BOOKTITLE = {{10th International Conference on IT in Industry, Logistics and Social domain (ITI'2019), Мinsk, Belarus, May 23--24}},
  ADDRESS = {Minsk, Belarus},
  YEAR = {2019},
  MONTH = May,
  HAL_ID = {hal-02435988},
  HAL_VERSION = {v1},
}

@misc{dolgui:hal-02435972,
  TITLE = {{Combinatorial design of manufacturing systems: new approaches and real life applications, (Invited plenary talk), XI Summer School of Operational, Data and Decision Making (ORA'2019), Higher School of Economics, Nizhny Novgorod, May 21}},
  AUTHOR = {Dolgui, Alexandre},
  URL = {https://hal.archives-ouvertes.fr/hal-02435972},
  NOTE = {invited plenary talk},
  YEAR = {2019},
  MONTH = May,
  HAL_ID = {hal-02435972},
  HAL_VERSION = {v1},
}

@misc{dolgui:hal-02435967,
  TITLE = {{Combinatorial optimization in the design of manufacturing systems: new problems and real life applications (Invited plenary talk), The 8th International Conference on Industrial Engineering and Systems Management (IESM 2019), September 25 -- 27, Donghua University, Shanghai, China}},
  AUTHOR = {Dolgui, Alexandre},
  URL = {https://hal.archives-ouvertes.fr/hal-02435967},
  NOTE = {invited plenary talk},
  YEAR = {2019},
  MONTH = Sep,
  HAL_ID = {hal-02435967},
  HAL_VERSION = {v1},
}

@incollection{ivanov:hal-02435958,
  TITLE = {{Digital Supply Chain Twins: Managing the Ripple Effect, Resilience, and Disruption Risks by Data-Driven Optimization, Simulation, and Visibility}},
  AUTHOR = {Ivanov, Dmitry and Dolgui, Alexandre and Das, Ajay and Sokolov, Boris},
  URL = {https://hal.archives-ouvertes.fr/hal-02435958},
  BOOKTITLE = {{Handbook of Ripple Effects in the Supply Chain}},
  PUBLISHER = {{Springer}},
  PAGES = {309-332},
  YEAR = {2019},
  MONTH = Jan,
  HAL_ID = {hal-02435958},
  HAL_VERSION = {v1},
}

@misc{dolgui:hal-02435969,
  TITLE = {{Optimal supply planning in assembly systems under uncertainties of component replenishment lead times. (Invited plenary talk), 14th International Congress of Logistics and SCM Systems (ICLS 2019), August 19-22, 2019, Taipei, Taiwan}},
  AUTHOR = {Dolgui, Alexandre},
  URL = {https://hal.archives-ouvertes.fr/hal-02435969},
  NOTE = {invited plenary talk},
  YEAR = {2019},
  MONTH = Aug,
  HAL_ID = {hal-02435969},
  HAL_VERSION = {v1},
}

@misc{dolgui:hal-02435968,
  TITLE = {{Optimal replenishment planning in assembly systems under uncertainties of component lead times (Invited plenary talk), International Conference on Intelligent Transportation and Logistics with Big Data (ICITL 2019), 26 - 28 July 2019, Windsor, Canada}},
  AUTHOR = {Dolgui, Alexandre},
  URL = {https://hal.archives-ouvertes.fr/hal-02435968},
  NOTE = {invited plenary talk},
  YEAR = {2019},
  MONTH = Jul,
  HAL_ID = {hal-02435968},
  HAL_VERSION = {v1},
}

@misc{dolgui:hal-02435970,
  TITLE = {{Combinatorial design of manufacturing systems: new approaches and real life applications, (Invited plenary talk), 9th International conference on Network Analysis, NET'2019, Higher School of Economics, Moscow, May 18}},
  AUTHOR = {Dolgui, Alexandre},
  URL = {https://hal.archives-ouvertes.fr/hal-02435970},
  NOTE = {invited plenary talk},
  YEAR = {2019},
  MONTH = May,
  HAL_ID = {hal-02435970},
  HAL_VERSION = {v1},
}

@misc{dolgui:hal-02435973,
  TITLE = {{Replenishment planning in assembly systems under lead time uncertainty, (Invited plenary talk), XI Summer School of Operational, Data and Decision Making (ORA'2019), Higher School of Economics, Nizhny Novgorod, May 21}},
  AUTHOR = {Dolgui, Alexandre},
  URL = {https://hal.archives-ouvertes.fr/hal-02435973},
  NOTE = {invited plenary talk},
  YEAR = {2019},
  MONTH = May,
  HAL_ID = {hal-02435973},
  HAL_VERSION = {v1},
}

@misc{dolgui:hal-02435989,
  TITLE = {{The history, current state and policy of the International Journal of Production Research (invited plenary talk)}},
  AUTHOR = {Dolgui, Alexandre},
  URL = {https://hal.archives-ouvertes.fr/hal-02435989},
  NOTE = {invited plenary talk},
  YEAR = {2019},
  MONTH = Sep,
  HAL_ID = {hal-02435989},
  HAL_VERSION = {v1},
}

@article{benammar:hal-02415332,
  TITLE = {{Optimization of multi-period supply planning under stochastic lead times and a dynamic demand}},
  AUTHOR = {Ben-Ammar, Oussama and Bettayeb, Belgacem and Dolgui, Alexandre},
  URL = {https://hal-imt-atlantique.archives-ouvertes.fr/hal-02415332},
  JOURNAL = {{International Journal of Production Economics}},
  PUBLISHER = {{Elsevier}},
  VOLUME = {218},
  PAGES = {106-117},
  YEAR = {2019},
  MONTH = Dec,
  DOI = {10.1016/j.ijpe.2019.05.003},
  HAL_ID = {hal-02415332},
  HAL_VERSION = {v1},
}

@article{benammar:hal-02435962,
  TITLE = {{Optimization of multi-period supply planning under stochastic lead times and a dynamic demand}},
  AUTHOR = {Ben-Ammar, Oussama and Bettayeb, Belgacem and Dolgui, Alexandre},
  URL = {https://hal.archives-ouvertes.fr/hal-02435962},
  JOURNAL = {{International Journal of Production Economics}},
  PUBLISHER = {{Elsevier}},
  VOLUME = {218},
  PAGES = {106-117},
  YEAR = {2019},
  MONTH = Dec,
  DOI = {10.1016/j.ijpe.2019.05.003},
  HAL_ID = {hal-02435962},
  HAL_VERSION = {v1},
}

@article{chibani:hal-01961199,
  TITLE = {{Dynamic optimisation for highly agile supply chains in e-procurement context}},
  AUTHOR = {Chibani, Akram and Delorme, Xavier and Dolgui, Alexandre and Pierreval, Henri},
  URL = {https://hal.archives-ouvertes.fr/hal-01961199},
  JOURNAL = {{International Journal of Production Research}},
  HAL_LOCAL_REFERENCE = {ACL+},
  PUBLISHER = {{Taylor \& Francis}},
  VOLUME = {56},
  NUMBER = {17},
  PAGES = {5904-5929},
  YEAR = {2018},
  MONTH = Sep,
  HAL_ID = {hal-01961199},
  HAL_VERSION = {v1},
}

@inproceedings{rezaei:hal-02285348,
  TITLE = {{Joint optimization of supply chain network design and finance}},
  AUTHOR = {Rezaei, Hamidreza and Bostel, Nathalie and Hovelaque, Vincent and P{\'e}ton, Olivier},
  URL = {https://hal.archives-ouvertes.fr/hal-02285348},
  BOOKTITLE = {{EURO 2019}},
  ADDRESS = {Dublin, Ireland},
  YEAR = {2019},
  MONTH = Jun,
  HAL_ID = {hal-02285348},
  HAL_VERSION = {v1},
}

@inproceedings{rezaei:hal-02285359,
  TITLE = {{A mathematical model for integrated supply chain network design and financial planning}},
  AUTHOR = {Rezaei, Hamidreza and Bostel, Nathalie and Hovelaque, Vincent and P{\'e}ton, Olivier},
  URL = {https://hal.archives-ouvertes.fr/hal-02285359},
  BOOKTITLE = {{XXV EURO Working Group on Locational Analysis Meeting 2019}},
  ADDRESS = {Brussels, Belgium},
  YEAR = {2019},
  MONTH = Jun,
  HAL_ID = {hal-02285359},
  HAL_VERSION = {v1},
}

@article{dolgui:hal-01315452,
  TITLE = {{Knapsack problem with objective value gaps}},
  AUTHOR = {Dolgui, Alexandre and Kovalyov, Mikhail Y. and Quilliot, Alain},
  URL = {https://hal.archives-ouvertes.fr/hal-01315452},
  JOURNAL = {{Optimization Letters}},
  HAL_LOCAL_REFERENCE = {ACL+},
  PUBLISHER = {{Springer Verlag}},
  VOLUME = {11},
  NUMBER = {1},
  PAGES = {31--39},
  YEAR = {2017},
  MONTH = Jan,
  DOI = {10.1007/s11590-016-1043-3},
  KEYWORDS = { computational complexity ; knapsack problem ;  forbidden values ;  fully polynomial time approxi- mation scheme},
  PDF = {https://hal.archives-ouvertes.fr/hal-01315452/file/Knapsack%20Gaps%207%20March%202016.pdf},
  HAL_ID = {hal-01315452},
  HAL_VERSION = {v1},
}

@article{zhu:hal-01977572,
  TITLE = {{Recent advances and opportunities in sustainable food supply chain: a model-oriented review}},
  AUTHOR = {Zhu, Zhanguo and Chu, Feng and Dolgui, Alexandre and Chu, Chengbin and Zhou, Wei and Piramuthu, Selwyn},
  URL = {https://hal.archives-ouvertes.fr/hal-01977572},
  JOURNAL = {{International Journal of Production Research}},
  HAL_LOCAL_REFERENCE = {ACL+},
  PUBLISHER = {{Taylor \& Francis}},
  VOLUME = {56},
  NUMBER = {17},
  PAGES = {5700-5722},
  YEAR = {2018},
  MONTH = Sep,
  DOI = {10.1080/00207543.2018.1425014},
  KEYWORDS = {Models ; Review ; Operations research ; Food industry ; Sustainable supply chain},
  HAL_ID = {hal-01977572},
  HAL_VERSION = {v1},
}

@inproceedings{benammar:hal-01688937,
  TITLE = {{Retailer Supply Networks: An analysis and research perspective}},
  AUTHOR = {Ben-Ammar, Oussama and Chutani, Anshuman and Delorme, Xavier and Dolgui, Alexandre},
  URL = {https://hal.archives-ouvertes.fr/hal-01688937},
  BOOKTITLE = {{18th Asia Pacific Industrial Engineering and Management System Conference}},
  ADDRESS = {Yogyakarta, Indonesia},
  SERIES = {ISBN: 978-602-50913-0-8},
  PAGES = {D1-6 to D1-11},
  YEAR = {2017},
  MONTH = Dec,
  KEYWORDS = {Retailer ; supply networks ; inventory replenishment ; optimization},
  HAL_ID = {hal-01688937},
  HAL_VERSION = {v1},
}

@inproceedings{kovalev:hal-01979441,
  TITLE = {{An optimal workforce assignment problem for a paced assembly line at the line design stage}},
  AUTHOR = {Kovalev, Sergey and Delorme, Xavier and Dolgui, Alexandre and Kovalyov, Mikhail Y.},
  URL = {https://hal.archives-ouvertes.fr/hal-01979441},
  BOOKTITLE = {{29th European Conference on Operational Research (EURO-2018)}},
  ADDRESS = {Valencia, Spain},
  YEAR = {2018},
  MONTH = Jul,
  HAL_ID = {hal-01979441},
  HAL_VERSION = {v1},
}

@inproceedings{delorme:hal-01979455,
  TITLE = {{Conception de syst{\`e}mes de production reconfigurables/flexibles}},
  AUTHOR = {Delorme, Xavier and Dolgui, Alexandre},
  URL = {https://hal.archives-ouvertes.fr/hal-01979455},
  BOOKTITLE = {{Colloque syst{\`e}mes de production du futur}},
  ADDRESS = {Paris, France},
  HAL_LOCAL_REFERENCE = {ACTN},
  PUBLISHER = {{Institut Mines T{\'e}l{\'e}com}},
  YEAR = {2018},
  MONTH = Oct,
  HAL_ID = {hal-01979455},
  HAL_VERSION = {v1},
}

@inproceedings{borodin:hal-01687966,
  TITLE = {{Random lead times in replenishment planning for single-level assembly systems: The value of information}},
  AUTHOR = {Borodin, Valeria and Hnaien, Faicel and Dolgui, Alexandre},
  URL = {https://hal.archives-ouvertes.fr/hal-01687966},
  BOOKTITLE = {{IFAC Wold Congress}},
  ADDRESS = {Toulouse, France},
  PUBLISHER = {{Elsevier, ISSN 2405-8963}},
  VOLUME = {IFAC-PapersOnLine, 50},
  NUMBER = {1},
  PAGES = {1205 - 1210},
  YEAR = {2017},
  MONTH = Jul,
  DOI = {10.1016/j.ifacol.2017.08.343},
  HAL_ID = {hal-01687966},
  HAL_VERSION = {v1},
}

@article{kosgodagan:hal-01517174,
  TITLE = {{A 2-dimension dynamic Bayesian network for large-scale degradation modelling with an application to a bridges network}},
  AUTHOR = {Kosgodagan, Alex and Morales-N{\'a}poles, Oswaldo and Yeung, Thomas G. and Courage, Wim and Maljaars, Johan and Castani{\'e}, Bruno},
  URL = {https://hal.archives-ouvertes.fr/hal-01517174},
  JOURNAL = {{Computer-Aided Civil and Infrastructure Engineering}},
  PUBLISHER = {{Wiley}},
  YEAR = {2017},
  MONTH = Jul,
  DOI = {10.1111/mice.12286},
  KEYWORDS = {Covariates ; Dynamic Bayesian network ; Orthotropic steel bridges ; Sensitivity ; Structured expert judgment},
  PDF = {https://hal.archives-ouvertes.fr/hal-01517174/file/3_Kosgodagan_et_al%20--%20A%202-dimension%20DBN%20for%20large-scale%20degradation%20modelling.pdf},
  HAL_ID = {hal-01517174},
  HAL_VERSION = {v1},
}

@article{dolgui:hal-01774847,
  TITLE = {{Simple paths with exact and forbidden lengths}},
  AUTHOR = {Dolgui, Alexandre and Kovalyov, Mikhail and Quilliot, Alain},
  URL = {https://hal.archives-ouvertes.fr/hal-01774847},
  JOURNAL = {{Naval Research Logistics (NRL)}},
  HAL_LOCAL_REFERENCE = {ACL+},
  VOLUME = {65},
  NUMBER = {1},
  PAGES = {78 - 85},
  YEAR = {2018},
  MONTH = Feb,
  DOI = {10.1002/nav.21783},
  KEYWORDS = {computational complexity ; approximation ; shortest path problem ; longest path problem ; exact path length ; forbidden path length},
  PDF = {https://hal.archives-ouvertes.fr/hal-01774847/file/Path%20Gaps%2023%20Feb%202018.pdf},
  HAL_ID = {hal-01774847},
  HAL_VERSION = {v1},
}

@inproceedings{habibi:hal-01688908,
  TITLE = {{Stochastic collection-disassembly problem with sample average approximation}},
  AUTHOR = {Habibi, Muhammad Khoirul Khakim and Dolgui, Alexandre and Batta{\"i}a, Olga and Cung, Van-Dat},
  URL = {https://hal.archives-ouvertes.fr/hal-01688908},
  BOOKTITLE = {{24th International Conference on Production Research (ICPR 24)}},
  ADDRESS = {Poznan, Poland},
  YEAR = {2017},
  MONTH = Jul,
  HAL_ID = {hal-01688908},
  HAL_VERSION = {v1},
}

@inproceedings{serrano:emse-01689360,
  TITLE = {{Truck scheduling at a cross-dock with repackaging}},
  AUTHOR = {Serrano, Christian and Dolgui, Alexandre and Delorme, Xavier},
  URL = {https://hal-emse.ccsd.cnrs.fr/emse-01689360},
  BOOKTITLE = {{24th International Conference on Production Research}},
  ADDRESS = {Poznan, Poland},
  SERIES = {Proceedings of the 24th International Conference on Production Research (ICPR 2017)},
  YEAR = {2017},
  MONTH = Jul,
  HAL_ID = {emse-01689360},
  HAL_VERSION = {v1},
}

@article{dolgui:hal-01688688,
  TITLE = {{Optimal workforce assignment to operations of a paced assembly line}},
  AUTHOR = {Dolgui, Alexandre and Kovalev, Sergey and Kovalyov, Mikhail and Malyutin, Sergey and Soukhal, Ameur},
  URL = {https://hal.archives-ouvertes.fr/hal-01688688},
  JOURNAL = {{European Journal of Operational Research}},
  HAL_LOCAL_REFERENCE = {ACL+},
  PUBLISHER = {{Elsevier}},
  VOLUME = {264},
  NUMBER = {1},
  PAGES = {200-211},
  YEAR = {2018},
  DOI = {10.1016/j.ejor.2017.06.017},
  KEYWORDS = {combinatorial optimization ; assembly line ; workforce assignment ; scheduling ; complexity analysis ; mixed integer linear programming ; heuristics},
  PDF = {https://hal.archives-ouvertes.fr/hal-01688688/file/Workers%2017%20April%202017.pdf},
  HAL_ID = {hal-01688688},
  HAL_VERSION = {v1},
}

@article{delorme:emse-01840007,
  TITLE = {{Minimizing the number of workers in a paced mixed-model assembly line}},
  AUTHOR = {Delorme, Xavier and Dolgui, Alexandre and Kovalev, Sergey and Kovalyov, Mikhail},
  URL = {https://hal-emse.ccsd.cnrs.fr/emse-01840007},
  JOURNAL = {{European Journal of Operational Research}},
  PUBLISHER = {{Elsevier}},
  VOLUME = {272},
  NUMBER = {1},
  PAGES = {188 -- 194},
  YEAR = {2019},
  DOI = {10.1016/j.ejor.2018.05.072},
  KEYWORDS = {computational complexity ; workforce assignment ; production line ; algorithms},
  PDF = {https://hal-emse.ccsd.cnrs.fr/emse-01840007/file/WorkersTSP%209%20March.pdf},
  HAL_ID = {emse-01840007},
  HAL_VERSION = {v1},
}

@article{gayon:hal-01978078,
  TITLE = {{Fast Approximation Algorithms for the One-Warehouse Multi-Retailer Problem Under General Cost Structures and Capacity Constraints}},
  AUTHOR = {Gayon, Jean-Philippe Lucien and Massonnet, Guillaume and Rapine, Christophe and Stauffer, Gautier},
  URL = {https://hal.archives-ouvertes.fr/hal-01978078},
  JOURNAL = {{Mathematics of Operations Research}},
  PUBLISHER = {{INFORMS}},
  VOLUME = {42},
  NUMBER = {3},
  PAGES = {854-875},
  YEAR = {2017},
  MONTH = Aug,
  DOI = {10.1287/moor.2016.0830},
  HAL_ID = {hal-01978078},
  HAL_VERSION = {v1},
}

@incollection{cerqueus:emse-02333715,
  TITLE = {{Analysis of the Scalability for Different Configurations of Lines}},
  AUTHOR = {Cerqueus, Audrey and Delorme, Xavier and Dolgui, A.},
  URL = {https://hal-emse.ccsd.cnrs.fr/emse-02333715},
  BOOKTITLE = {{Reconfigurable Manufacturing Systems: From Design to Implementation}},
  EDITOR = {Lyes Benyoucef},
  SERIES = {Springer Series in Advanced Manufacturing},
  PAGES = {139-160},
  YEAR = {2020},
  MONTH = Oct,
  DOI = {10.1007/978-3-030-28782-5\_7},
  KEYWORDS = {Reconfigurable manufacturing systems ; Scalability ; Assembly line balancing ; Multi-objective optimization},
  HAL_ID = {emse-02333715},
  HAL_VERSION = {v1},
}

@article{dolgui:hal-01709442,
  TITLE = {{General parametric scheme for the online uniform machine scheduling problem with two different speeds}},
  AUTHOR = {Dolgui, Alexandre and Kotov, Vladimir and Nekrashevich, Aliaksandr and Quilliot, Alain},
  URL = {https://hal.archives-ouvertes.fr/hal-01709442},
  JOURNAL = {{Information Processing Letters}},
  HAL_LOCAL_REFERENCE = {ACL+},
  PUBLISHER = {{Elsevier}},
  VOLUME = {134},
  PAGES = {18 - 23},
  YEAR = {2018},
  MONTH = Jun,
  DOI = {10.1016/j.ipl.2018.01.009},
  KEYWORDS = {scheduling ; approximation algorithms ; online algorithms},
  PDF = {https://hal.archives-ouvertes.fr/hal-01709442/file/uniform.pdf},
  HAL_ID = {hal-01709442},
  HAL_VERSION = {v1},
}

@article{serrano:emse-01617801,
  TITLE = {{Scheduling of truck arrivals, truck departures and shop-floor operation in a cross-dock platform, based on trucks loading plans}},
  AUTHOR = {Serrano, Christian and Delorme, Xavier and Dolgui, Alexandre},
  URL = {https://hal-emse.ccsd.cnrs.fr/emse-01617801},
  JOURNAL = {{International Journal of Production Economics}},
  HAL_LOCAL_REFERENCE = {ACL+},
  PUBLISHER = {{Elsevier}},
  VOLUME = {194},
  PAGES = {102-112},
  YEAR = {2017},
  MONTH = Sep,
  DOI = {10.1016/j.ijpe.2017.09.008},
  KEYWORDS = {Automotive industry ; Supply chain management ; Mixed integer linear program ; Cross-dock scheduling},
  HAL_ID = {emse-01617801},
  HAL_VERSION = {v1},
}

@inproceedings{delorme:hal-01979435,
  TITLE = {{Workforce planning for cyclic production of multiple parts on a paced line}},
  AUTHOR = {Delorme, Xavier and Dolgui, Alexandre and Kovalev, Sergey and Kovalyov, Mikhail Y.},
  URL = {https://hal.archives-ouvertes.fr/hal-01979435},
  BOOKTITLE = {{Proceedings of the 8th International conference ``Tanaev's Readings 2018''}},
  ADDRESS = {Minsk, Belarus},
  PUBLISHER = {{National Academy of Sciences of Belarus, ISBN: 978-985-6744-98-6}},
  PAGES = {197--199},
  YEAR = {2018},
  MONTH = Mar,
  HAL_ID = {hal-01979435},
  HAL_VERSION = {v1},
}

@article{schemeleva:hal-01734617,
  TITLE = {{Evaluation of solution approaches for a stochastic lot-sizing and sequencing problem}},
  AUTHOR = {Schemeleva, Kseniya and Delorme, Xavier and Dolgui, Alexandre},
  URL = {https://hal.archives-ouvertes.fr/hal-01734617},
  JOURNAL = {{International Journal of Production Economics}},
  HAL_LOCAL_REFERENCE = {ACL+},
  PUBLISHER = {{Elsevier}},
  VOLUME = {199},
  PAGES = {179-192},
  YEAR = {2018},
  DOI = {10.1016/j.ijpe.2018.02.017},
  KEYWORDS = {Dynamic programming ; Sequencing ; Decomposition ; Genetic Algorithms ; Stochastic production lines ; Lot-Sizing},
  PDF = {https://hal.archives-ouvertes.fr/hal-01734617/file/Evaluation_Algo.pdf},
  HAL_ID = {hal-01734617},
  HAL_VERSION = {v1},
}

@article{kovalev:emse-01438176,
  TITLE = {{Minimizing the number of stations and station activation costs for a production line}},
  AUTHOR = {Kovalev, Sergey and Delorme, Xavier and Dolgui, Alexandre and Oulamara, Ammar},
  URL = {https://hal-emse.ccsd.cnrs.fr/emse-01438176},
  JOURNAL = {{Computers and Operations Research}},
  HAL_LOCAL_REFERENCE = {ACL+},
  PUBLISHER = {{Elsevier}},
  VOLUME = {79},
  PAGES = {131 - 139},
  YEAR = {2017},
  MONTH = Jul,
  DOI = {10.1016/j.cor.2016.10.007},
  KEYWORDS = {Integer linear programming ; Heuristics ; Line balancing ; Computational complexity ; Scheduling},
  PDF = {https://hal-emse.ccsd.cnrs.fr/emse-01438176/file/COR_Activation_costs_2016_10_13.pdf},
  HAL_ID = {emse-01438176},
  HAL_VERSION = {v1},
}

@book{bach:hal-02299214,
  TITLE = {{Logiciel et Industrie du Futur}},
  AUTHOR = {Bach, Jean-Christophe and BEUGNARD, Antoine and Bruneliere, Hugo and Coullon, H{\'e}l{\`e}ne and Lehu{\'e}d{\'e}, Fabien and Massonnet, Guillaume and Noy{\'e}, Jacques and Simonin, Gilles},
  URL = {https://hal.archives-ouvertes.fr/hal-02299214},
  PUBLISHER = {{Presse des Mines}},
  SERIES = {Math{\'e}matiques et Informatique},
  PAGES = {62},
  YEAR = {2019},
  MONTH = Oct,
  PDF = {https://hal.archives-ouvertes.fr/hal-02299214/file/LogicielEtIndustrieDuFutur_VersionAuteurs.pdf},
  HAL_ID = {hal-02299214},
  HAL_VERSION = {v1},
}

@inproceedings{ivanov:hal-01666225,
  TITLE = {{A Dynamic Approach to Multi-stage Job Shop Scheduling in an Industry 4.0-Based Flexible Assembly System}},
  AUTHOR = {Ivanov, Dmitry and Dolgui, Alexandre and Sokolov, Boris},
  URL = {https://hal.inria.fr/hal-01666225},
  NOTE = {Part 7: Operations Planning, Scheduling and Control},
  BOOKTITLE = {{IFIP International Conference on Advances in Production Management Systems (APMS)}},
  ADDRESS = {Hamburg, Germany},
  EDITOR = {Hermann L{\"o}dding and Ralph Riedel and Klaus-Dieter Thoben and Gregor von Cieminski and Dimitris Kiritsis},
  PUBLISHER = {{Springer International Publishing}},
  SERIES = {Advances in Production Management Systems. The Path to Intelligent, Collaborative and Sustainable Manufacturing },
  VOLUME = {AICT-513},
  NUMBER = {Part I},
  PAGES = {475-482},
  YEAR = {2017},
  DOI = {10.1007/978-3-319-66923-6\_56},
  KEYWORDS = {Control ; Industry 4.0 ; Dynamics ; Scheduling ; Assembly system},
  PDF = {https://hal.inria.fr/hal-01666225/file/456370_1_En_56_Chapter.pdf},
  HAL_ID = {hal-01666225},
  HAL_VERSION = {v1},
}

@article{gueret:hal-01813905,
  TITLE = {{Introduction to the special issue on advances in vehicle routing and logistics optimization: heuristics}},
  AUTHOR = {Gu{\'e}ret, Christelle and Lehu{\'e}d{\'e}, Fabien and Mendoza, Jorge E. and P{\'e}ton, Olivier and Sevaux, Marc},
  URL = {https://hal.archives-ouvertes.fr/hal-01813905},
  JOURNAL = {{EURO Journal on Transportation and Logistics}},
  PUBLISHER = {{Springer}},
  VOLUME = {7},
  NUMBER = {2},
  PAGES = {89-91},
  YEAR = {2018},
  DOI = {10.1007/s13676-018-0130-2},
  HAL_ID = {hal-01813905},
  HAL_VERSION = {v1},
}

@article{habibi:emse-01987852,
  TITLE = {{Sample average approximation for multi-vehicle collection--disassembly problem under uncertainty}},
  AUTHOR = {Habibi, Muh. Khoirul Khakim and Batta{\"i}a, Olga and Cung, Van-Dat and Dolgui, Alexandre and Tiwari, Manoj Kumar},
  URL = {https://hal-emse.ccsd.cnrs.fr/emse-01987852},
  JOURNAL = {{International Journal of Production Research}},
  PUBLISHER = {{Taylor \& Francis}},
  VOLUME = {57},
  NUMBER = {8},
  PAGES = {2409--2428},
  YEAR = {2019},
  DOI = {10.1080/00207543.2018.1519262},
  KEYWORDS = {stochastic programming ; disassembly ; reverse supply chain ; Two-Phase Iterative Heuristic ; Collection ; Sample Average Approximation},
  PDF = {https://hal-emse.ccsd.cnrs.fr/emse-01987852/file/Habibi2018IJPR.pdf},
  HAL_ID = {emse-01987852},
  HAL_VERSION = {v1},
}

@inproceedings{bian:hal-01689400,
  TITLE = {{An EOQ-based profit maximization model considering financing cost of working capital requirement}},
  AUTHOR = {Bian, Yuan and Lemoine, David and Bostel, Nathalie and Yeung, Thomas G. and Hovelaque, Vincent and Viviani, Jean-Laurent},
  URL = {https://hal.archives-ouvertes.fr/hal-01689400},
  BOOKTITLE = {{IFAC 2017}},
  ADDRESS = {Toulouse, France},
  YEAR = {2017},
  HAL_ID = {hal-01689400},
  HAL_VERSION = {v1},
}

@incollection{battaia:emse-02277938,
  TITLE = {{Sustainable and Energy Efficient Reconfigurable Manufacturing Systems}},
  AUTHOR = {Batta{\"i}a, Olga and Benyoucef, Lyes  and Delorme, Xavier and Dolgui, A. and Thevenin, Simon},
  URL = {https://hal-emse.ccsd.cnrs.fr/emse-02277938},
  BOOKTITLE = {{Reconfigurable Manufacturing Systems: From Design to Implementation}},
  EDITOR = {Lyes  Benyoucef},
  SERIES = {Springer Series in Advanced Manufacturing},
  PAGES = {179-191},
  YEAR = {2020},
  DOI = {10.1007/978-3-030-28782-5\_9},
  KEYWORDS = {End-of-life reuse ; Gas emissions ; Modularity ; Manufacturing system design ; Sustainability ; Energy consump- tion},
  HAL_ID = {emse-02277938},
  HAL_VERSION = {v1},
}

@article{bian:halshs-01683781,
  TITLE = {{A dynamic lot-sizing-based profit maximization discounted cash flow model considering working capital requirement financing cost with infinite production capacity}},
  AUTHOR = {Bian, Yuan and Lemoine, David and Yeung, Thomas G. and Bostel, Nathalie and Hovelaque, Vincent and Viviani, Jean-Laurent and Gayraud, Fabrice},
  URL = {https://halshs.archives-ouvertes.fr/halshs-01683781},
  JOURNAL = {{International Journal of Production Economics}},
  HAL_LOCAL_REFERENCE = {ACL+},
  HAL_LOCAL_REFERENCE = {BEST},
  PUBLISHER = {{Elsevier}},
  VOLUME = {196},
  PAGES = {319-332},
  YEAR = {2018},
  MONTH = Feb,
  DOI = {10.1016/j.ijpe.2017.12.002},
  KEYWORDS = {dynamic lot-sizing ; working capital requirement ; discounted cash flow ; delays in payment ; profit maximization},
  PDF = {https://halshs.archives-ouvertes.fr/halshs-01683781/file/Bian%20et%20al_A%20dynamic%20lot-sizing-based%20profit%20maximization%20discounted%20cash%20flow%20model.pdf},
  HAL_ID = {halshs-01683781},
  HAL_VERSION = {v1},
}

@article{lameche:hal-02354553,
  TITLE = {{Modularity in the design of reconfigurable manufacturing systems}},
  AUTHOR = {Lameche, Khaled and Najid, Najib M and Castagna, Pierre and Kouiss, Khalid},
  URL = {https://hal.archives-ouvertes.fr/hal-02354553},
  JOURNAL = {{IFAC-PapersOnLine}},
  PUBLISHER = {{Elsevier}},
  VOLUME = {50},
  NUMBER = {1},
  PAGES = {3511-3516},
  YEAR = {2017},
  MONTH = Jul,
  DOI = {10.1016/j.ifacol.2017.08.939},
  HAL_ID = {hal-02354553},
  HAL_VERSION = {v1},
}

@article{hazir:hal-02435978,
  TITLE = {{A Review on Robust Assembly Line Balancing Approaches}},
  AUTHOR = {Hazir, Oncu and Dolgui, Alexandre},
  URL = {https://hal.archives-ouvertes.fr/hal-02435978},
  JOURNAL = {{IFAC-PapersOnLine}},
  PUBLISHER = {{Elsevier}},
  VOLUME = {52},
  NUMBER = {13},
  PAGES = {987-991},
  YEAR = {2019},
  DOI = {10.1016/j.ifacol.2019.11.323},
  HAL_ID = {hal-02435978},
  HAL_VERSION = {v1},
}

@article{habibi:hal-02434343,
  TITLE = {{Sample Average Approximation for Multi-Vehicle Collection-Disassembly Problem under Uncertainty}},
  AUTHOR = {Habibi, Muhammad Khoirul Khakim and Batta{\"i}a, Olga and Cung, Van-Dat and Dolgui, Alexandre and Tiwari, Manoj Kumar},
  URL = {https://hal.archives-ouvertes.fr/hal-02434343},
  JOURNAL = {{International Journal of Production Research}},
  PUBLISHER = {{Taylor \& Francis}},
  VOLUME = {57},
  NUMBER = {8},
  PAGES = {2409-2428},
  YEAR = {2019},
  MONTH = Sep,
  DOI = {10.1080/00207543.2018.1519262},
  KEYWORDS = {Sample Average Approximation ; Two-Phase Iterative Heuristic ; Collection ; Disassembly ; Reverse Supply Chain ; Stochastic Programming},
  PDF = {https://hal.archives-ouvertes.fr/hal-02434343/file/Habibi2018IJPR.pdf},
  HAL_ID = {hal-02434343},
  HAL_VERSION = {v1},
}

@techreport{tellez:hal-01619103,
  TITLE = {{The fleet size and mix dial-a-ride problem with reconfigurable vehicle capacity}},
  AUTHOR = {Tellez, Oscar and Vercraene, Samuel and Lehu{\'e}d{\'e}, Fabien and P{\'e}ton, Olivier and Monteiro, Thibaud},
  URL = {https://hal.archives-ouvertes.fr/hal-01619103},
  TYPE = {Research Report},
  INSTITUTION = {{Laboratoire DISP}},
  YEAR = {2017},
  MONTH = Sep,
  KEYWORDS = {set-covering ; reconfigurable vehicles ; Fleet Size and Mix Problem ; feasibility ; set covering ; check ; Dial-A-Ride Problem ; large neighborhood search},
  PDF = {https://hal.archives-ouvertes.fr/hal-01619103/file/Tellez%20et%20al.%20-%20The%20fleet%20size%20and%20mix%20dial-a-ride%20problem%20with%20reconfigurable%20vehicle%20capacity%20.pdf},
  HAL_ID = {hal-01619103},
  HAL_VERSION = {v2},
}

@article{habibi:hal-01687949,
  TITLE = {{An efficient two-phase iterative heuristic for Collection-Disassembly problem}},
  AUTHOR = {Habibi, M. and Batta{\"i}a, Olga and Cung, Van-Dat and Dolgui, Alexandre},
  URL = {https://hal.archives-ouvertes.fr/hal-01687949},
  JOURNAL = {{Computers and Industrial Engineering}},
  HAL_LOCAL_REFERENCE = {ACL+},
  PUBLISHER = {{Elsevier}},
  VOLUME = {110},
  PAGES = {505 - 514},
  YEAR = {2017},
  MONTH = Aug,
  DOI = {10.1016/j.cie.2017.06.031},
  HAL_ID = {hal-01687949},
  HAL_VERSION = {v1},
}

@article{habibi:emse-01341735,
  TITLE = {{Collection--disassembly problem in reverse supply chain}},
  AUTHOR = {Habibi, Muhammad and Batta{\"i}a, Olga and Cung, Van-Dat and Dolgui, Alexandre},
  URL = {https://hal-emse.ccsd.cnrs.fr/emse-01341735},
  JOURNAL = {{International Journal of Production Economics}},
  HAL_LOCAL_REFERENCE = {ACL+},
  PUBLISHER = {{Elsevier}},
  VOLUME = {183},
  PAGES = {334--344},
  YEAR = {2017},
  MONTH = Nov,
  DOI = {10.1016/j.ijpe.2016.06.025},
  KEYWORDS = {Reverse Supply Chain ; Disassembly ;  Reverse supply chain ;  Waste electrical and electronics equipment ;  Collection ;  Disassembly ; Routing ;  Production ; Production ; Collection ; Waste Electrical and Electronics Equipment * Corresponding author},
  PDF = {https://hal-emse.ccsd.cnrs.fr/emse-01341735/file/elsarticle-template.pdf},
  HAL_ID = {emse-01341735},
  HAL_VERSION = {v1},
}

@inproceedings{tran:hal-01871495,
  TITLE = {{The Efficiency of the VSI Exponentially Weighted Moving Average Median Control Chart}},
  AUTHOR = {Tran, Kim Phuc and Castagliola, Philippe and Nguyen, Thi-Hien and Cuzol, Anne},
  URL = {https://hal.archives-ouvertes.fr/hal-01871495},
  BOOKTITLE = {{24th ISSAT International Conference on Reliability and Quality in Design}},
  ADDRESS = {Toronto, Canada},
  YEAR = {2018},
  MONTH = Aug,
  KEYWORDS = {EWMA ; VSI ; Median ; Control chart ; Order statistics},
  PDF = {https://hal.archives-ouvertes.fr/hal-01871495/file/CRP_RQD18-22.pdf},
  HAL_ID = {hal-01871495},
  HAL_VERSION = {v1},
}

@inproceedings{nguyen:hal-01845761,
  TITLE = {{Nested One-Class Support Vector Machines for Network Intrusion Detection}},
  AUTHOR = {NGUYEN, QUOC THONG and Tran, Kim Phuc and Castagliola, Philippe and Truong, Thu Huong and Nguyen, Minh Kha and Lardjane, Salim},
  URL = {https://hal.archives-ouvertes.fr/hal-01845761},
  BOOKTITLE = {{2018 IEEE Seventh International Conference on Communications and Electronics (ICCE)}},
  ADDRESS = {Hue, Vietnam},
  PAGES = {7-12},
  YEAR = {2018},
  MONTH = Jul,
  DOI = {10.1109/CCE.2018.8465718},
  KEYWORDS = {parameters selection ; nested one-class support vector machines ; one-class support vector machines ; intrusion detection ; Gaussian kernel},
  HAL_ID = {hal-01845761},
  HAL_VERSION = {v1},
}

@article{tran:hal-02171178,
  TITLE = {{Design of a Variable Sampling Interval EWMA Median Control Chart}},
  AUTHOR = {Tran, Kim Phuc and Castagliola, Philippe and Nguyen, Thi Hien and Cuzol, Anne},
  URL = {https://hal.archives-ouvertes.fr/hal-02171178},
  JOURNAL = {{International Journal of Reliability, Quality and Safety Engineering}},
  PUBLISHER = {{World Scientific Publishing}},
  VOLUME = {26},
  NUMBER = {05},
  PAGES = {1950021},
  YEAR = {2019},
  DOI = {10.1142/S0218539319500219},
  HAL_ID = {hal-02171178},
  HAL_VERSION = {v1},
}

@article{tran:hal-01731361,
  TITLE = {{Monitoring compositional data using multivariate exponentially weighted moving average scheme}},
  AUTHOR = {Tran, Kim Phuc and Castagliola, Philippe and Celano, Giovanni and Khoo, Michael},
  URL = {https://hal.archives-ouvertes.fr/hal-01731361},
  JOURNAL = {{Quality and Reliability Engineering International}},
  HAL_LOCAL_REFERENCE = {ACL+},
  PUBLISHER = {{Wiley}},
  VOLUME = {34},
  NUMBER = {3},
  PAGES = {391 - 402},
  YEAR = {2018},
  MONTH = Apr,
  DOI = {10.1002/qre.2260},
  HAL_ID = {hal-01731361},
  HAL_VERSION = {v1},
}


@inproceedings{yelleschaouche:hal-02485673,
  TITLE = {{Optimizing task reassignments in the design of reconfigurable manufacturing lines}},
  AUTHOR = {Yelles-Chaouche, Abdelkrim R. and Gurevsky, Evgeny and Brahimi, Nadjib and Dolgui, Alexandre},
  URL = {https://hal.archives-ouvertes.fr/hal-02485673},
  BOOKTITLE = {{21st Congress of the French Society of Operations Research and Decision Aid (ROADEF 2020)}},
  ADDRESS = {Montpellier, France},
  YEAR = {2020},
  MONTH = Feb,
  HAL_ID = {hal-02485673},
  HAL_VERSION = {v1},
}

@inproceedings{schepler:hal-02485676,
  TITLE = {{R{\'e}solution du probl{\`e}me de bin-packing robuste par un algorithme de branch-and-price}},
  AUTHOR = {Schepler, Xavier and Dolgui, Alexandre and Gurevsky, Evgeny and Rossi, Andr{\'e}},
  URL = {https://hal.archives-ouvertes.fr/hal-02485676},
  BOOKTITLE = {{R{\'e}sum{\'e}s du 21e Congr{\`e}s Annuel de la Soci{\'e}t{\'e} Fran{\c c}aise de Recherche Op{\'e}rationnelle et d'Aide {\`a} la D{\'e}cision (ROADEF 2020)}},
  ADDRESS = {Montpellier, France},
  YEAR = {2020},
  MONTH = Feb,
  HAL_ID = {hal-02485676},
  HAL_VERSION = {v1},
}


@inproceedings{przybylski:hal-02480174,
  TITLE = {{A Parametric Method to Determine the Optimal Convex Surrogate Upper Bound Set for the Bi-Objective Bi-Dimensional Knapsack Problem}},
  AUTHOR = {Przybylski, Anthony and Klamroth, Kathrin and britta, schulze},
  URL = {https://hal.archives-ouvertes.fr/hal-02480174},
  BOOKTITLE = {{MCDM2017: 24th International Conference on Multiple Criteria Decision Making}},
  ADDRESS = {Ottawa, Canada},
  YEAR = {2017},
  MONTH = Jul,
  HAL_ID = {hal-02480174},
  HAL_VERSION = {v1},
}

@inproceedings{delmee:hal-02480176,
  TITLE = {{An algorithm for the exact solution of Bi-Objective Mixed 0-1 Capacitated Facility Location Problem}},
  AUTHOR = {Delm{\'e}e, Quentin and Gandibleux, Xavier and Przybylski, Anthony},
  URL = {https://hal.archives-ouvertes.fr/hal-02480176},
  BOOKTITLE = {{OR 2018: International Conference on Operations Research}},
  ADDRESS = {Brussels, Belgium},
  YEAR = {2018},
  MONTH = Sep,
  HAL_ID = {hal-02480176},
  HAL_VERSION = {v1},
}


@inproceedings{nguyen:hal-02268131,
  TITLE = {{Real-Time Production Monitoring approach for Smart Manufacturing with Artificial Intelligence techniques}},
  AUTHOR = {Nguyen, Q.T and Nguyen, H D and Tran, Kim Phuc and Castagliola, P. and Fr{\'e}nod, E},
  URL = {https://hal.archives-ouvertes.fr/hal-02268131},
  BOOKTITLE = {{ISSAT International Conference on Data Science in Business, Finance and Industry}},
  ADDRESS = {Da Nang, Vietnam},
  PAGES = {100-103},
  YEAR = {2019},
  MONTH = Jul,
  KEYWORDS = {transfer learning ; Anomaly detection ; CNN ; SVDD ; One-class classification ; Real-time monitoring},
  PDF = {https://hal.archives-ouvertes.fr/hal-02268131/file/paper_DSBFI19-I42.pdf},
  HAL_ID = {hal-02268131},
  HAL_VERSION = {v1},
}

@article{tran:hal-01773342,
  TITLE = {{Monitoring the ratio of population means of a bivariate normal distribution using CUSUM type control charts}},
  AUTHOR = {Tran, Kim Phuc and Castagliola, Philippe and Celano, Giovanni},
  URL = {https://hal.archives-ouvertes.fr/hal-01773342},
  JOURNAL = {{Statistical Papers}},
  HAL_LOCAL_REFERENCE = {ACL+},
  PUBLISHER = {{Springer Verlag}},
  VOLUME = {59},
  NUMBER = {1},
  PAGES = {387 - 413},
  YEAR = {2018},
  MONTH = Mar,
  DOI = {10.1007/s00362-016-0769-4},
  HAL_ID = {hal-01773342},
  HAL_VERSION = {v1},
}

@article{nguyen:hal-01885435,
  TITLE = {{One-Sided Synthetic control charts for monitoring the Multivariate Coefficient of Variation}},
  AUTHOR = {NGUYEN, THONG and Tran, Kim Phuc P and Celano, Giovanni and Lardjane, Salim and Castagliola, Philippe},
  URL = {https://hal.archives-ouvertes.fr/hal-01885435},
  JOURNAL = {{Journal of Statistical Computation and Simulation}},
  PUBLISHER = {{Taylor \& Francis}},
  VOLUME = {89},
  NUMBER = {10},
  PAGES = {1841-1862},
  YEAR = {2019},
  MONTH = Apr,
  DOI = {10.1080/00949655.2019.1600694},
  KEYWORDS = {Multivariate Coefficient of Variation ; Synthetic chart ; Markov chain ; Steady-state},
  PDF = {https://hal.archives-ouvertes.fr/hal-01885435/file/JSCS_MS_paper.pdf},
  HAL_ID = {hal-01885435},
  HAL_VERSION = {v2},
}

@article{cerqueus:hal-01564982,
  TITLE = {{On branching heuristics for the bi-objective 0/1 unidimensional knapsack problem}},
  AUTHOR = {Cerqueus, Audrey and Gandibleux, Xavier and Przybylski, Anthony and Saubion, Fr{\'e}d{\'e}ric},
  URL = {https://hal.archives-ouvertes.fr/hal-01564982},
  JOURNAL = {{Journal of Heuristics}},
  HAL_LOCAL_REFERENCE = {ACL+},
  PUBLISHER = {{Springer Verlag}},
  YEAR = {2017},
  MONTH = Jun,
  DOI = {10.1007/s10732-017-9346-9},
  KEYWORDS = {Multiple objective combinatorial optimization ; 0/1 unidimensional knapsack problem ; Branch and bound ; Branching heuristics ; Utilities ; Adaptive strategies},
  HAL_ID = {hal-01564982},
  HAL_VERSION = {v1},
}

@incollection{loheac:hal-01238610,
  TITLE = {{Time optimal control for a perturbed Brockett integrator}},
  AUTHOR = {Loh{\'e}ac, J{\'e}r{\^o}me and Scheid, Jean-Francois},
  URL = {https://hal.archives-ouvertes.fr/hal-01238610},
  BOOKTITLE = {{Variational MethodsIn Imaging and Geometric Control}},
  SERIES = {Radon Series on Computational and Applied Mathematics},
  VOLUME = {18},
  PAGES = {454--472},
  YEAR = {2017},
  MONTH = Jan,
  DOI = {10.1515/9783110430394-015},
  KEYWORDS = {Time optimal controllability ; State constraints ; Micro-swimmers ; Numerical resolution ; Brockett integrator},
  PDF = {https://hal.archives-ouvertes.fr/hal-01238610/file/LoheacScheidpreprint.pdf},
  HAL_ID = {hal-01238610},
  HAL_VERSION = {v1},
}

